4636 6060
403 1481 1625 1678 nonantulo

77 1983 255 2137 Quum
289 2045 602 2155 grauissimum
639 2069 749 2156 opus
787 2045 844 2130 de
878 2046 1032 2158 lingna
1067 2055 1113 2130 et
1142 2045 1288 2133 literis
1312 2061 1514 2136 veterum
1549 2049 1921 2164 Aegyptioruma

1 2203 3 2308 ζ
77 2187 209 2273 beato
235 2188 432 2300 Spolmio
461 2193 716 2279 inchoatum
743 2219 770 2277 e
798 2171 1080 2280 collectaneis
1105 2191 1304 2278 defuncti
1332 2197 1467 2282 amici
1500 2197 1664 2282 edendi
1691 2207 1820 2308 atque
1841 2198 1920 2304 ita,

8 2421 14 2438 ‚
77 2346 134 2418 vt
161 2336 205 2421 ei
232 2339 506 2448 propositum
535 2352 651 2446 erat,
677 2339 937 2425 absoluendi
966 2336 1160 2426 officium
1182 2340 1231 2426 iu
1260 2367 1333 2425 me
1358 2343 1652 2453 susciperem3
1684 2343 1769 2428 vix
1795 2369 1921 2452 prae·

78 2481 229 2595 sagiui
267 2484 440 2592 animo,
482 2485 567 2573 hoc
601 2487 831 2572 literarum
868 2511 1006 2598 genus
1041 2496 1182 2570 tantas
1229 2486 1609 2598 interpretationis
1641 2487 1920 2576 difficultates

77 2625 264 2736 ollerrc,
309 2644 490 2744 quantas
526 2633 713 2719 subinde
748 2632 917 2720 inueni.
983 2627 1204 2742 Opinione
1239 2614 1453 2740 ducebar,
1487 2635 1667 2748 linguae
1694 2630 1919 2745 Copticae,

0 2756 2 2759 ’
78 2773 226 2884 qualis
256 2777 306 2862 in
340 2775 656 2868 Grammaticis
683 2781 847 2865 nostris
881 2789 927 2868 et
953 2776 1126 2864 Lexico
1153 2777 1397 2867 Woidiano
1433 2779 1638 2886 docetur,
1671 2805 1755 2893 ope
1789 2794 1921 2896 atque

5 2925 14 2936 “
76 2920 467 3037 vigintiquinque
493 2928 725 3014 literarum
752 2925 1091 3038 Aegyptiarum,
1121 2925 1257 3010 simul
1282 2938 1415 3038 atque
1431 2927 1634 3039 cognitae
1651 2903 1820 3034 essent,
1842 2956 1919 3015 au·

1 3101 3 3156 ;
75 3067 199 3154 xilio
227 3080 365 3159 totam
390 3072 524 3160 huius
547 3072 692 3187 gentis
718 3072 993 3158 literaturam
1017 3071 1212 3186 intelligi
1227 3083 1358 3183 atque
1381 3071 1602 3182 explicari
1618 3097 1761 3182 posse.
1820 3071 1920 3176 Qua

0 3219 8 3266 ³
75 3213 131 3299 in
159 3242 210 3300 re
236 3243 501 3332 magnopere
525 3221 687 3306 falsum
714 3245 788 3305 me
812 3243 911 3304 esse
927 3219 1129 3304 lubenter
1145 3217 1369 3304 confiteor.
1426 3214 1710 3330 Quicunque,
1737 3219 1919 3308 inventa

76 3363 373 3474 inscriptione
414 3365 675 3471 Rosettaua,
719 3365 983 3452 immodicas
1026 3365 1249 3452 eiusmodi
1284 3363 1611 3475 cxpectationes
1642 3390 1819 3453 mecum
1853 3369 1919 3453 al-

75 3511 253 3614 uerint,
283 3514 356 3597 vel
383 3539 441 3600 ex
469 3541 541 3610 co,
564 3501 692 3627 quod¹
711 3514 768 3599 ad
791 3512 910 3598 hunc
939 3537 1076 3624 vsque
1103 3512 1225 3598 diem
1256 3509 1428 3596 nemini
1453 3512 1666 3626 contigit,
1696 3507 1833 3598 vllius
1860 3515 1919 3600 ti-

31 3769 37 3784 l
76 3657 168 3744 tuli
201 3656 465 3773 Aegyptiaci
499 3661 843 3774 explicationem
876 3658 1208 3771 grammaticam
1244 3684 1295 3742 ac
1332 3655 1659 3770 philologicam·
1680 3671 1917 3770 praestare,
1951 3739 1954 3746 .

78 3804 278 3908 discant,
316 3819 527 3918 quantum
560 3808 698 3913 absit,
741 3807 850 3920 quin
888 3804 1045 3891 literae
1077 3804 1373 3916 Aegyptiacae
1407 3803 1464 3888 ad
1495 3802 1749 3913 exemplum
1777 3801 1916 3890 Grae·

77 3975 235 4039 carum
267 3953 341 4037 vel
375 3953 635 4040 Latinarum
669 3954 822 4041 doceri
855 3951 1040 4065 possint.
1098 3947 1197 4052 Quo
1237 3947 1405 4035 diutius
1443 3960 1488 4034 et
1523 3948 1784 4062 diligentins
1816 3975 1918 4038 oum

79 4097 225 4185 Musis
272 4100 386 4184 meis
428 4100 713 4214 Aegyptiacis
756 4111 958 4212 operatos
984 4099 1123 4204 sum,
1167 4119 1220 4184 eo
1264 4095 1407 4208 magis
1457 4095 1664 4181 intellexi
1707 4095 1917 4183 inertiam

6 4353 12 4370 e
75 4258 277 4340 nostram
303 4258 433 4358 atque
458 4247 761 4360 fragilitatem.
817 4246 930 4330 Vidi
958 4246 1080 4332 enim
1109 4244 1257 4331 omnia
1277 4269 1355 4349 ea,
1383 4269 1494 4354 quae
1519 4240 1663 4328 adhuc
1690 4242 1747 4326 de
1770 4241 1917 4328 literis
1946 4293 1948 4297 ν

75 4390 365 4503 Aegyptiacis
401 4393 621 4504 disputata
654 4395 779 4495 sunt,
818 4394 1020 4502 quamuis
1053 4392 1193 4478 multa
1227 4390 1471 4502 singularia
1502 4388 1643 4475 veluti
1678 4388 1917 4498 particulas

76 4549 226 4626 terrae
249 4539 501 4652 incognitae
526 4535 638 4626 bene
663 4537 1006 4644 illustraverim,
1042 4563 1200 4648 parurn
1227 4535 1427 4622 sufficere
1454 4535 1510 4620 ad
1536 4545 1676 4619 totum
1702 4534 1917 4622 ambiam·

77 4697 128 4770 et
156 4693 356 4771 naturam
384 4687 638 4772 literaturae
662 4682 958 4798 Aegyptiacae
987 4677 1361 4798 cognoscendam,
1401 4678 1561 4795 partim
1590 4677 1822 4790 permultis
1847 4705 1916 4764 er-

11 4899 23 4910 .
76 4835 257 4922 rombus
283 4832 448 4920 referta
467 4835 524 4918 ed
549 4858 721 4919 errores
749 4829 988 4936 abducere,
1009 4843 1149 4943 ¹atque
1176 4855 1259 4942 ego
1277 4830 1512 4940 measipse
1528 4826 1788 4929 sententias,
1816 4843 1920 4936 pro-⁸

77 4983 234 5085 litem,
271 4979 436 5092 passim
469 4991 559 5066 non
594 4980 754 5084 semel,
793 4977 873 5062 sed
900 4977 1064 5064 iterum
1093 4977 1341 5086 iterumque
1370 4988 1540 5061 mutare
1568 4973 1716 5059 debui.
1774 4972 1916 5086 Leges

1491 5121 1526 5196 A
1541 5125 1566 5194 2
