<?xml version="1.0" encoding="UTF-8"?>
<!DOCTYPE html PUBLIC "-//W3C//DTD XHTML 1.0 Transitional//EN"
    "http://www.w3.org/TR/xhtml1/DTD/xhtml1-transitional.dtd">
<html xmlns="http://www.w3.org/1999/xhtml" xml:lang="en" lang="en">
 <head>
  <title>
</title>
<meta http-equiv="Content-Type" content="text/html;charset=utf-8" />
  <meta name='ocr-system' content='tesseract 3.04.00' />
  <meta name='ocr-capabilities' content='ocr_page ocr_carea ocr_par ocr_line ocrx_word'/>
</head>
<body>
  <div class='ocr_page' id='page_1' title='image "./delinguaetliter00spohgoog_0099.png"; bbox 0 0 4568 6076; ppageno 0'>
   <div class='ocr_carea' id='block_1_1' title="bbox 999 425 1511 504">
    <p class='ocr_par' dir='ltr' id='par_1_1' title="bbox 999 425 1511 504">
     <span class='ocr_line' id='line_1_1' title="bbox 999 425 1511 504; baseline 0 0"><span class='ocrx_word' id='word_1_1' title='bbox 999 425 1511 504; x_wconf 73' lang='lat' dir='ltr'><strong>.--ao·--</strong></span> 
     </span>
    </p>
   </div>
   <div class='ocr_carea' id='block_1_2' title="bbox 263 623 2280 4778">
    <p class='ocr_par' dir='ltr' id='par_1_2' title="bbox 263 623 2280 4778">
     <span class='ocr_line' id='line_1_2' title="bbox 278 623 2229 730; baseline -0.003 -22"><span class='ocrx_word' id='word_1_2' title='bbox 278 701 283 708; x_wconf 93' lang='lat'><strong>.</strong></span> <span class='ocrx_word' id='word_1_3' title='bbox 391 638 552 730; x_wconf 72' lang='lat' dir='ltr'><strong>storiam</strong></span> <span class='ocrx_word' id='word_1_4' title='bbox 573 634 758 724; x_wconf 86' lang='lat' dir='ltr'><strong>deflectit,</strong></span> <span class='ocrx_word' id='word_1_5' title='bbox 787 633 957 708; x_wconf 69' lang='lat' dir='ltr'><strong>alterum,</strong></span> <span class='ocrx_word' id='word_1_6' title='bbox 970 647 1066 708; x_wconf 86' lang='lat' dir='ltr'><strong>vere</strong></span> <span class='ocrx_word' id='word_1_7' title='bbox 1078 627 1383 728; x_wconf 63' lang='lat' dir='ltr'><strong>philosophi-um</strong></span> <span class='ocrx_word' id='word_1_8' title='bbox 1395 638 1524 724; x_wconf 86' lang='lat' dir='ltr'><strong>potest</strong></span> <span class='ocrx_word' id='word_1_9' title='bbox 1539 626 1738 727; x_wconf 89' lang='lat' dir='ltr'><strong>appellari.</strong></span> <span class='ocrx_word' id='word_1_10' title='bbox 1795 623 1920 701; x_wconf 88' lang='lat' dir='ltr'><strong>Huius</strong></span> <span class='ocrx_word' id='word_1_11' title='bbox 1948 627 2229 725; x_wconf 79' lang='lat' dir='ltr'><strong>explicationis</strong></span> 
     </span>
     <span class='ocr_line' id='line_1_3' title="bbox 336 741 2280 842; baseline -0.007 -14"><span class='ocrx_word' id='word_1_12' title='bbox 336 803 337 806; x_wconf 57' lang='lat'><em>=</em></span> <span class='ocrx_word' id='word_1_13' title='bbox 393 757 505 828; x_wconf 90' lang='lat' dir='ltr'><strong>initia</strong></span> <span class='ocrx_word' id='word_1_14' title='bbox 528 756 608 826; x_wconf 90' lang='lat' dir='ltr'><strong>iam</strong></span> <span class='ocrx_word' id='word_1_15' title='bbox 630 753 671 824; x_wconf 91' lang='lat' dir='ltr'><strong>iu</strong></span> <span class='ocrx_word' id='word_1_16' title='bbox 695 749 974 842; x_wconf 76' lang='lat' dir='ltr'><strong>Anaxagorae,</strong></span> <span class='ocrx_word' id='word_1_17' title='bbox 1010 747 1293 818; x_wconf 82' lang='lat' dir='ltr'><strong>Platonicorum</strong></span> <span class='ocrx_word' id='word_1_18' title='bbox 1319 758 1361 818; x_wconf 89' lang='lat' dir='ltr'><strong>et</strong></span> <span class='ocrx_word' id='word_1_19' title='bbox 1384 745 1598 818; x_wconf 88' lang='lat' dir='ltr'><strong>Stoicorum</strong></span> <span class='ocrx_word' id='word_1_20' title='bbox 1625 744 1778 842; x_wconf 90' lang='lat' dir='ltr'><strong>placitis</strong></span> <span class='ocrx_word' id='word_1_21' title='bbox 1805 741 2148 839; x_wconf 81' lang='lat' dir='ltr'><strong>deprehendimus.</strong></span> <span class='ocrx_word' id='word_1_22' title='bbox 2178 789 2227 801; x_wconf 88' lang='lat'>-</span> <span class='ocrx_word' id='word_1_23' title='bbox 2279 777 2280 834; x_wconf 65' lang='grc' dir='ltr'><strong>ι</strong></span> 
     </span>
     <span class='ocr_line' id='line_1_4' title="bbox 392 859 2229 968; baseline -0.005 -26"><span class='ocrx_word' id='word_1_24' title='bbox 392 870 534 968; x_wconf 81' lang='lat' dir='ltr'><strong>Negari</strong></span> <span class='ocrx_word' id='word_1_25' title='bbox 555 867 708 964; x_wconf 90' lang='lat' dir='ltr'><strong>quidem</strong></span> <span class='ocrx_word' id='word_1_26' title='bbox 730 886 808 936; x_wconf 91' lang='lat' dir='ltr'><strong>non</strong></span> <span class='ocrx_word' id='word_1_27' title='bbox 827 874 971 958; x_wconf 90' lang='lat' dir='ltr'><strong>potest,</strong></span> <span class='ocrx_word' id='word_1_28' title='bbox 1000 863 1168 935; x_wconf 87' lang='lat' dir='ltr'><strong>inueniri</strong></span> <span class='ocrx_word' id='word_1_29' title='bbox 1181 861 1389 956; x_wconf 80' lang='lat' dir='ltr'><strong>quaedam,</strong></span> <span class='ocrx_word' id='word_1_30' title='bbox 1419 859 1713 957; x_wconf 82' lang='lat' dir='ltr'><strong>quaeomnibus</strong></span> <span class='ocrx_word' id='word_1_31' title='bbox 1729 859 1881 955; x_wconf 85' lang='lat' dir='ltr'><strong>populis</strong></span> <span class='ocrx_word' id='word_1_32' title='bbox 1902 881 2114 954; x_wconf 90' lang='lat' dir='ltr'><strong>eorumque</strong></span> <span class='ocrx_word' id='word_1_33' title='bbox 2130 883 2229 933; x_wconf 86' lang='lat' dir='ltr'><strong>eorn-</strong></span> 
     </span>
     <span class='ocr_line' id='line_1_5' title="bbox 394 976 2228 1075; baseline -0.004 -17"><span class='ocrx_word' id='word_1_34' title='bbox 394 985 535 1058; x_wconf 89' lang='lat' dir='ltr'><strong>mentis</strong></span> <span class='ocrx_word' id='word_1_35' title='bbox 565 995 757 1075; x_wconf 84' lang='lat' dir='ltr'><strong>tamquam</strong></span> <span class='ocrx_word' id='word_1_36' title='bbox 785 1000 987 1050; x_wconf 90' lang='lat' dir='ltr'><strong>commune</strong></span> <span class='ocrx_word' id='word_1_37' title='bbox 1011 976 1160 1050; x_wconf 81' lang='lat' dir='ltr'><strong>subsint</strong></span> <span class='ocrx_word' id='word_1_38' title='bbox 1183 976 1493 1067; x_wconf 80' lang='lat' dir='ltr'><strong>lundamentum3</strong></span> <span class='ocrx_word' id='word_1_39' title='bbox 1515 1019 1569 1033; x_wconf 87' lang='lat'><em>-</em></span> <span class='ocrx_word' id='word_1_40' title='bbox 1595 997 1692 1072; x_wconf 90' lang='lat' dir='ltr'><strong>quae</strong></span> <span class='ocrx_word' id='word_1_41' title='bbox 1714 997 1830 1063; x_wconf 88' lang='lat' dir='ltr'><strong>vero,</strong></span> <span class='ocrx_word' id='word_1_42' title='bbox 1846 995 1977 1071; x_wconf 83' lang='lat' dir='ltr'><strong>quum</strong></span> <span class='ocrx_word' id='word_1_43' title='bbox 1998 987 2134 1050; x_wconf 82' lang='lat' dir='ltr'><strong>essent</strong></span> <span class='ocrx_word' id='word_1_44' title='bbox 2152 979 2228 1050; x_wconf 84' lang='lat' dir='ltr'><strong>iam</strong></span> 
     </span>
     <span class='ocr_line' id='line_1_6' title="bbox 385 1075 2229 1196; baseline -0.003 -24"><span class='ocrx_word' id='word_1_45' title='bbox 385 1109 587 1184; x_wconf 81' lang='lat' dir='ltr'><strong>exornata</strong></span> <span class='ocrx_word' id='word_1_46' title='bbox 608 1108 648 1168; x_wconf 91' lang='lat' dir='ltr'><strong>et</strong></span> <span class='ocrx_word' id='word_1_47' title='bbox 669 1095 779 1189; x_wconf 88' lang='lat' dir='ltr'><strong>quasi</strong></span> <span class='ocrx_word' id='word_1_48' title='bbox 805 1095 938 1172; x_wconf 86' lang='lat' dir='ltr'><strong>viuere</strong></span> <span class='ocrx_word' id='word_1_49' title='bbox 961 1075 1197 1192; x_wconf 84' lang='lat' dir='ltr'><strong>coepissent,</strong></span> <span class='ocrx_word' id='word_1_50' title='bbox 1225 1104 1338 1166; x_wconf 90' lang='lat' dir='ltr'><strong>aucta</strong></span> <span class='ocrx_word' id='word_1_51' title='bbox 1361 1104 1450 1166; x_wconf 87' lang='lat' dir='ltr'><strong>sunt</strong></span> <span class='ocrx_word' id='word_1_52' title='bbox 1470 1091 1574 1168; x_wconf 90' lang='lat' dir='ltr'><strong>baud</strong></span> <span class='ocrx_word' id='word_1_53' title='bbox 1595 1112 1684 1164; x_wconf 92' lang='lat' dir='ltr'><strong>raro</strong></span> <span class='ocrx_word' id='word_1_54' title='bbox 1708 1091 1814 1179; x_wconf 89' lang='lat' dir='ltr'><strong>aliis,</strong></span> <span class='ocrx_word' id='word_1_55' title='bbox 1842 1112 1939 1196; x_wconf 74' lang='lat' dir='ltr'><strong>quac</strong></span> <span class='ocrx_word' id='word_1_56' title='bbox 1956 1095 2086 1164; x_wconf 77' lang='lat' dir='ltr'><strong>rerum</strong></span> <span class='ocrx_word' id='word_1_57' title='bbox 2108 1103 2229 1186; x_wconf 86' lang='lat' dir='ltr'><strong>gesta·</strong></span> 
     </span>
     <span class='ocr_line' id='line_1_7' title="bbox 396 1205 2228 1302; baseline -0.004 -12"><span class='ocrx_word' id='word_1_58' title='bbox 396 1238 501 1302; x_wconf 90' lang='lat' dir='ltr'><strong>rum,</strong></span> <span class='ocrx_word' id='word_1_59' title='bbox 526 1222 592 1284; x_wconf 86' lang='lat' dir='ltr'><strong>aut</strong></span> <span class='ocrx_word' id='word_1_60' title='bbox 612 1211 811 1298; x_wconf 87' lang='lat' dir='ltr'><strong>hominurn</strong></span> <span class='ocrx_word' id='word_1_61' title='bbox 830 1221 900 1282; x_wconf 90' lang='lat' dir='ltr'><strong>aut</strong></span> <span class='ocrx_word' id='word_1_62' title='bbox 928 1209 1090 1282; x_wconf 87' lang='lat' dir='ltr'><strong>aliarum</strong></span> <span class='ocrx_word' id='word_1_63' title='bbox 1110 1231 1238 1282; x_wconf 86' lang='lat' dir='ltr'><strong>rerum</strong></span> <span class='ocrx_word' id='word_1_64' title='bbox 1262 1220 1491 1282; x_wconf 83' lang='lat' dir='ltr'><strong>conseruent</strong></span> <span class='ocrx_word' id='word_1_65' title='bbox 1504 1209 1743 1280; x_wconf 76' lang='lat' dir='ltr'><strong>memoriam.</strong></span> <span class='ocrx_word' id='word_1_66' title='bbox 1762 1249 1815 1261; x_wconf 93' lang='lat'><em>-</em></span> <span class='ocrx_word' id='word_1_67' title='bbox 1866 1205 2043 1279; x_wconf 83' lang='lat' dir='ltr'><strong>Profecto</strong></span> <span class='ocrx_word' id='word_1_68' title='bbox 2058 1209 2228 1283; x_wconf 84' lang='lat' dir='ltr'><strong>nondun</strong></span> 
     </span>
     <span class='ocr_line' id='line_1_8' title="bbox 389 1305 2230 1420; baseline -0.004 -16"><span class='ocrx_word' id='word_1_69' title='bbox 389 1305 492 1416; x_wconf 38' lang='lat' dir='ltr'><strong>satis·</strong></span> <span class='ocrx_word' id='word_1_70' title='bbox 516 1327 760 1400; x_wconf 86' lang='lat' dir='ltr'><strong>obseruatum</strong></span> <span class='ocrx_word' id='word_1_71' title='bbox 783 1324 911 1413; x_wconf 86' lang='lat' dir='ltr'><strong>video,</strong></span> <span class='ocrx_word' id='word_1_72' title='bbox 940 1336 1123 1420; x_wconf 90' lang='lat' dir='ltr'><strong>quantum</strong></span> <span class='ocrx_word' id='word_1_73' title='bbox 1143 1324 1357 1400; x_wconf 82' lang='lat' dir='ltr'><strong>intercedat</strong></span> <span class='ocrx_word' id='word_1_74' title='bbox 1382 1325 1589 1398; x_wconf 79' lang='lat' dir='ltr'><strong>discrimen</strong></span> <span class='ocrx_word' id='word_1_75' title='bbox 1608 1324 1709 1395; x_wconf 89' lang='lat' dir='ltr'><strong>inter</strong></span> <span class='ocrx_word' id='word_1_76' title='bbox 1731 1320 1947 1394; x_wconf 81' lang='lat' dir='ltr'><strong>fabularum</strong></span> <span class='ocrx_word' id='word_1_77' title='bbox 1963 1321 2114 1412; x_wconf 82' lang='lat' dir='ltr'><strong>sontes,</strong></span> <span class='ocrx_word' id='word_1_78' title='bbox 2129 1357 2130 1360; x_wconf 35' lang='lat'>¹</span> <span class='ocrx_word' id='word_1_79' title='bbox 2144 1347 2230 1419; x_wconf 88' lang='lat' dir='ltr'><strong>quo·</strong></span> 
     </span>
     <span class='ocr_line' id='line_1_9' title="bbox 396 1436 2280 1536; baseline -0.004 -17"><span class='ocrx_word' id='word_1_80' title='bbox 396 1468 482 1520; x_wconf 92' lang='lat' dir='ltr'><strong>rum</strong></span> <span class='ocrx_word' id='word_1_81' title='bbox 512 1444 676 1516; x_wconf 91' lang='lat' dir='ltr'><strong>alterum</strong></span> <span class='ocrx_word' id='word_1_82' title='bbox 708 1463 825 1534; x_wconf 83' lang='lat' dir='ltr'><strong>genus</strong></span> <span class='ocrx_word' id='word_1_83' title='bbox 854 1442 948 1524; x_wconf 84' lang='lat' dir='ltr'><strong>insit</strong></span> <span class='ocrx_word' id='word_1_84' title='bbox 972 1442 1014 1512; x_wconf 94' lang='lat' dir='ltr'><strong>in</strong></span> <span class='ocrx_word' id='word_1_85' title='bbox 1038 1451 1212 1515; x_wconf 87' lang='lat' dir='ltr'><strong>veterum</strong></span> <span class='ocrx_word' id='word_1_86' title='bbox 1235 1441 1408 1536; x_wconf 86' lang='lat' dir='ltr'><strong>scriptis,</strong></span> <span class='ocrx_word' id='word_1_87' title='bbox 1438 1440 1600 1512; x_wconf 93' lang='lat' dir='ltr'><strong>alterum</strong></span> <span class='ocrx_word' id='word_1_88' title='bbox 1622 1461 1716 1514; x_wconf 88' lang='lat' dir='ltr'><strong>vero</strong></span> <span class='ocrx_word' id='word_1_89' title='bbox 1738 1436 1968 1532; x_wconf 87' lang='lat' dir='ltr'><strong>imaginibus</strong></span> <span class='ocrx_word' id='word_1_90' title='bbox 1990 1439 2155 1536; x_wconf 86' lang='lat' dir='ltr'><strong>sculptis</strong></span> <span class='ocrx_word' id='word_1_91' title='bbox 2176 1442 2252 1536; x_wconf 87' lang='lat' dir='ltr'><strong>pi-·</strong></span> <span class='ocrx_word' id='word_1_92' title='bbox 2279 1531 2280 1536; x_wconf 7' lang='grc' dir='ltr'><strong>Ἰ</strong></span> 
     </span>
     <span class='ocr_line' id='line_1_10' title="bbox 397 1553 2280 1655; baseline -0.003 -22"><span class='ocrx_word' id='word_1_93' title='bbox 397 1563 542 1655; x_wconf 87' lang='lat' dir='ltr'><strong>etisque</strong></span> <span class='ocrx_word' id='word_1_94' title='bbox 566 1559 817 1630; x_wconf 87' lang='lat' dir='ltr'><strong>contineatur.</strong></span> <span class='ocrx_word' id='word_1_95' title='bbox 844 1599 897 1614; x_wconf 88' lang='lat'><strong>-·-</strong></span> <span class='ocrx_word' id='word_1_96' title='bbox 957 1555 1128 1628; x_wconf 85' lang='lat' dir='ltr'><strong>Primum</strong></span> <span class='ocrx_word' id='word_1_97' title='bbox 1149 1555 1284 1631; x_wconf 90' lang='lat' dir='ltr'><strong>vidore</strong></span> <span class='ocrx_word' id='word_1_98' title='bbox 1307 1553 1439 1644; x_wconf 88' lang='lat' dir='ltr'><strong>debet,</strong></span> <span class='ocrx_word' id='word_1_99' title='bbox 1467 1557 1532 1650; x_wconf 94' lang='lat' dir='ltr'><strong>qui</strong></span> <span class='ocrx_word' id='word_1_100' title='bbox 1547 1554 1763 1640; x_wconf 83' lang='lat' dir='ltr'><strong>fabularum</strong></span> <span class='ocrx_word' id='word_1_101' title='bbox 1776 1553 2088 1648; x_wconf 76' lang='lat' dir='ltr'><strong>‚expucauonem</strong></span> <span class='ocrx_word' id='word_1_102' title='bbox 2103 1578 2227 1648; x_wconf 85' lang='lat' dir='ltr'><strong>aggre-</strong></span> <span class='ocrx_word' id='word_1_103' title='bbox 2279 1591 2280 1602; x_wconf 37' lang='grc' dir='ltr'><strong>ι</strong></span> 
     </span>
     <span class='ocr_line' id='line_1_11' title="bbox 397 1668 2226 1771; baseline -0.003 -22"><span class='ocrx_word' id='word_1_104' title='bbox 397 1675 521 1764; x_wconf 84' lang='lat' dir='ltr'><strong>ditur,</strong></span> <span class='ocrx_word' id='word_1_105' title='bbox 546 1697 596 1746; x_wconf 89' lang='lat' dir='ltr'><strong>ne</strong></span> <span class='ocrx_word' id='word_1_106' title='bbox 619 1676 842 1771; x_wconf 73' lang='lat' dir='ltr'><strong>,promiscue</strong></span> <span class='ocrx_word' id='word_1_107' title='bbox 862 1682 1038 1749; x_wconf 83' lang='lat' dir='ltr'><strong>veterum</strong></span> <span class='ocrx_word' id='word_1_108' title='bbox 1059 1672 1213 1768; x_wconf 89' lang='lat' dir='ltr'><strong>scriptis</strong></span> <span class='ocrx_word' id='word_1_109' title='bbox 1243 1683 1375 1746; x_wconf 89' lang='lat' dir='ltr'><strong>vtatur</strong></span> <span class='ocrx_word' id='word_1_110' title='bbox 1405 1671 1656 1766; x_wconf 87' lang='lat' dir='ltr'><strong>erunibosque</strong></span> <span class='ocrx_word' id='word_1_111' title='bbox 1678 1668 1841 1742; x_wconf 89' lang='lat' dir='ltr'><strong>eandem</strong></span> <span class='ocrx_word' id='word_1_112' title='bbox 1865 1691 1950 1744; x_wconf 89' lang='lat' dir='ltr'><strong>esse</strong></span> <span class='ocrx_word' id='word_1_113' title='bbox 1972 1680 2083 1767; x_wconf 89' lang='lat' dir='ltr'><strong>putet</strong></span> <span class='ocrx_word' id='word_1_114' title='bbox 2103 1671 2226 1744; x_wconf 87' lang='lat' dir='ltr'><strong>iidem.</strong></span> 
     </span>
     <span class='ocr_line' id='line_1_12' title="bbox 398 1783 2228 1886; baseline -0.003 -21"><span class='ocrx_word' id='word_1_115' title='bbox 398 1790 483 1866; x_wconf 90' lang='lat' dir='ltr'><strong>Hoc</strong></span> <span class='ocrx_word' id='word_1_116' title='bbox 505 1791 569 1886; x_wconf 92' lang='lat' dir='ltr'><strong>qui</strong></span> <span class='ocrx_word' id='word_1_117' title='bbox 590 1789 824 1881; x_wconf 77' lang='lat' dir='ltr'><strong>neglexerit,</strong></span> <span class='ocrx_word' id='word_1_118' title='bbox 852 1810 917 1874; x_wconf 89' lang='lat' dir='ltr'><strong>eo,</strong></span> <span class='ocrx_word' id='word_1_119' title='bbox 946 1809 1021 1882; x_wconf 91' lang='lat' dir='ltr'><strong>quo</strong></span> <span class='ocrx_word' id='word_1_120' title='bbox 1038 1787 1160 1884; x_wconf 92' lang='lat' dir='ltr'><strong>cupit,</strong></span> <span class='ocrx_word' id='word_1_121' title='bbox 1188 1809 1380 1882; x_wconf 88' lang='lat' dir='ltr'><strong>nunquam</strong></span> <span class='ocrx_word' id='word_1_122' title='bbox 1395 1787 1538 1882; x_wconf 90' lang='lat' dir='ltr'><strong>poterit</strong></span> <span class='ocrx_word' id='word_1_123' title='bbox 1558 1787 1772 1882; x_wconf 86' lang='lat' dir='ltr'><strong>peruenire.</strong></span> <span class='ocrx_word' id='word_1_124' title='bbox 1791 1825 1844 1840; x_wconf 89' lang='lat'>—</span> <span class='ocrx_word' id='word_1_125' title='bbox 1893 1783 2074 1858; x_wconf 84' lang='lat' dir='ltr'><strong>Nondum</strong></span> <span class='ocrx_word' id='word_1_126' title='bbox 2089 1785 2137 1859; x_wconf 89' lang='lat' dir='ltr'><strong>id</strong></span> <span class='ocrx_word' id='word_1_127' title='bbox 2150 1810 2228 1884; x_wconf 82' lang='lat' dir='ltr'><strong>sps·</strong></span> 
     </span>
     <span class='ocr_line' id='line_1_13' title="bbox 399 1895 2227 1997; baseline -0.002 -17"><span class='ocrx_word' id='word_1_128' title='bbox 399 1895 544 1980; x_wconf 85' lang='lat' dir='ltr'><strong>etatum</strong></span> <span class='ocrx_word' id='word_1_129' title='bbox 567 1917 626 1977; x_wconf 90' lang='lat' dir='ltr'><strong>est</strong></span> <span class='ocrx_word' id='word_1_130' title='bbox 650 1927 675 1976; x_wconf 90' lang='lat' dir='ltr'><strong>a</strong></span> <span class='ocrx_word' id='word_1_131' title='bbox 695 1900 991 1990; x_wconf 89' lang='lat' dir='ltr'><strong>recentioribus,</strong></span> <span class='ocrx_word' id='word_1_132' title='bbox 1028 1914 1073 1977; x_wconf 88' lang='lat' dir='ltr'><strong>vt</strong></span> <span class='ocrx_word' id='word_1_133' title='bbox 1088 1903 1280 1976; x_wconf 63' lang='lat' dir='ltr'><strong>,seiunctis</strong></span> <span class='ocrx_word' id='word_1_134' title='bbox 1301 1913 1340 1976; x_wconf 91' lang='lat' dir='ltr'><strong>et</strong></span> <span class='ocrx_word' id='word_1_135' title='bbox 1362 1901 1460 1974; x_wconf 90' lang='lat' dir='ltr'><strong>bene</strong></span> <span class='ocrx_word' id='word_1_136' title='bbox 1482 1925 1528 1974; x_wconf 91' lang='lat' dir='ltr'><strong>ae</strong></span> <span class='ocrx_word' id='word_1_137' title='bbox 1548 1901 1667 1997; x_wconf 85' lang='lat' dir='ltr'><strong>probe</strong></span> <span class='ocrx_word' id='word_1_138' title='bbox 1692 1899 1884 1974; x_wconf 86' lang='lat' dir='ltr'><strong>distinctis</strong></span> <span class='ocrx_word' id='word_1_139' title='bbox 1903 1901 2099 1974; x_wconf 86' lang='lat' dir='ltr'><strong>aetatibus</strong></span> <span class='ocrx_word' id='word_1_140' title='bbox 2124 1902 2227 1978; x_wconf 76' lang='lat' dir='ltr'><strong>fobu</strong></span> 
     </span>
     <span class='ocr_line' id='line_1_14' title="bbox 397 2015 2225 2121; baseline -0.001 -29"><span class='ocrx_word' id='word_1_141' title='bbox 397 2021 657 2121; x_wconf 81' lang='lat' dir='ltr'><strong>lasenarrent</strong></span> <span class='ocrx_word' id='word_1_142' title='bbox 675 2031 787 2113; x_wconf 90' lang='lat' dir='ltr'><strong>atque</strong></span> <span class='ocrx_word' id='word_1_143' title='bbox 807 2028 1041 2090; x_wconf 78' lang='lat' dir='ltr'><strong>recenseant</strong></span> <span class='ocrx_word' id='word_1_144' title='bbox 1059 2059 1111 2102; x_wconf 54' lang='grc' dir='ltr'><strong>ε-</strong></span> <span class='ocrx_word' id='word_1_145' title='bbox 1131 2089 1135 2098; x_wconf 87' lang='grc'>,</span> <span class='ocrx_word' id='word_1_146' title='bbox 1152 2015 1257 2106; x_wconf 79' lang='lat' dir='ltr'><strong>Quae</strong></span> <span class='ocrx_word' id='word_1_147' title='bbox 1278 2021 1442 2092; x_wconf 81' lang='lat' dir='ltr'><strong>certiora</strong></span> <span class='ocrx_word' id='word_1_148' title='bbox 1457 2029 1557 2106; x_wconf 88' lang='lat' dir='ltr'><strong>sunt,</strong></span> <span class='ocrx_word' id='word_1_149' title='bbox 1584 2019 1641 2090; x_wconf 89' lang='lat' dir='ltr'><strong>ita</strong></span> <span class='ocrx_word' id='word_1_150' title='bbox 1656 2017 1798 2090; x_wconf 88' lang='lat' dir='ltr'><strong>debent</strong></span> <span class='ocrx_word' id='word_1_151' title='bbox 1812 2016 1978 2113; x_wconf 86' lang='lat' dir='ltr'><strong>disponi,</strong></span> <span class='ocrx_word' id='word_1_152' title='bbox 2007 2029 2054 2092; x_wconf 88' lang='lat' dir='ltr'><strong>vt</strong></span> <span class='ocrx_word' id='word_1_153' title='bbox 2069 2017 2121 2091; x_wconf 87' lang='lat' dir='ltr'><strong>ad</strong></span> <span class='ocrx_word' id='word_1_154' title='bbox 2133 2041 2225 2108; x_wconf 88' lang='lat' dir='ltr'><strong>earo,</strong></span> 
     </span>
     <span class='ocr_line' id='line_1_15' title="bbox 399 2131 2226 2232; baseline -0.002 -22"><span class='ocrx_word' id='word_1_155' title='bbox 399 2160 521 2232; x_wconf 55' lang='lat' dir='ltr'><strong>quam,</strong></span> <span class='ocrx_word' id='word_1_156' title='bbox 536 2135 765 2232; x_wconf 86' lang='lat' dir='ltr'><strong>respiciunt,</strong></span> <span class='ocrx_word' id='word_1_157' title='bbox 785 2145 961 2214; x_wconf 71' lang='lat' dir='ltr'><strong>‚aetatem</strong></span> <span class='ocrx_word' id='word_1_158' title='bbox 983 2156 1030 2206; x_wconf 92' lang='lat' dir='ltr'><strong>ea</strong></span> <span class='ocrx_word' id='word_1_159' title='bbox 1052 2155 1275 2207; x_wconf 90' lang='lat' dir='ltr'><strong>reuocemus</strong></span> <span class='ocrx_word' id='word_1_160' title='bbox 1296 2146 1336 2206; x_wconf 90' lang='lat' dir='ltr'><strong>et</strong></span> <span class='ocrx_word' id='word_1_161' title='bbox 1364 2133 1643 2210; x_wconf 80' lang='lat' dir='ltr'><strong>adhibeamus.</strong></span> <span class='ocrx_word' id='word_1_162' title='bbox 1683 2131 1818 2224; x_wconf 81' lang='lat' dir='ltr'><strong>Solent</strong></span> <span class='ocrx_word' id='word_1_163' title='bbox 1841 2132 2012 2206; x_wconf 86' lang='lat' dir='ltr'><strong>Homero</strong></span> <span class='ocrx_word' id='word_1_164' title='bbox 2036 2145 2079 2206; x_wconf 89' lang='lat' dir='ltr'><strong>et</strong></span> <span class='ocrx_word' id='word_1_165' title='bbox 2095 2133 2226 2206; x_wconf 85' lang='lat' dir='ltr'><strong>Hesio-</strong></span> 
     </span>
     <span class='ocr_line' id='line_1_16' title="bbox 400 2231 2226 2348; baseline 0.001 -25"><span class='ocrx_word' id='word_1_166' title='bbox 400 2231 471 2340; x_wconf 91' lang='lat' dir='ltr'><strong>do,</strong></span> <span class='ocrx_word' id='word_1_167' title='bbox 495 2250 649 2344; x_wconf 82' lang='lat' dir='ltr'><strong>Hygino</strong></span> <span class='ocrx_word' id='word_1_168' title='bbox 675 2262 714 2322; x_wconf 88' lang='lat' dir='ltr'><strong>ct</strong></span> <span class='ocrx_word' id='word_1_169' title='bbox 728 2249 873 2322; x_wconf 79' lang='lat' dir='ltr'><strong>Taetza</strong></span> <span class='ocrx_word' id='word_1_170' title='bbox 892 2249 1053 2345; x_wconf 88' lang='lat' dir='ltr'><strong>aliisque</strong></span> <span class='ocrx_word' id='word_1_171' title='bbox 1078 2250 1303 2323; x_wconf 76' lang='lat' dir='ltr'><strong>recentioris</strong></span> <span class='ocrx_word' id='word_1_172' title='bbox 1325 2249 1702 2330; x_wconf 82' lang='lat' dir='ltr'><strong>aetatis-auctoribus</strong></span> <span class='ocrx_word' id='word_1_173' title='bbox 1724 2250 1783 2320; x_wconf 88' lang='lat' dir='ltr'><strong>ita</strong></span> <span class='ocrx_word' id='word_1_174' title='bbox 1806 2250 1885 2337; x_wconf 86' lang='lat' dir='ltr'><strong>vti,</strong></span> <span class='ocrx_word' id='word_1_175' title='bbox 1914 2259 1976 2337; x_wconf 89' lang='lat' dir='ltr'><strong>vt,</strong></span> <span class='ocrx_word' id='word_1_176' title='bbox 2006 2272 2124 2344; x_wconf 89' lang='lat' dir='ltr'><strong>quum</strong></span> <span class='ocrx_word' id='word_1_177' title='bbox 2142 2271 2226 2348; x_wconf 73' lang='lat' dir='ltr'><strong>pro,</strong></span> 
     </span>
     <span class='ocr_line' id='line_1_17' title="bbox 399 2363 2225 2461; baseline -0.002 -17"><span class='ocrx_word' id='word_1_178' title='bbox 399 2369 544 2444; x_wconf 88' lang='lat' dir='ltr'><strong>miscue</strong></span> <span class='ocrx_word' id='word_1_179' title='bbox 566 2389 698 2444; x_wconf 85' lang='lat' dir='ltr'><strong>eorum</strong></span> <span class='ocrx_word' id='word_1_180' title='bbox 724 2367 947 2438; x_wconf 86' lang='lat' dir='ltr'><strong>testimonia</strong></span> <span class='ocrx_word' id='word_1_181' title='bbox 965 2377 1220 2461; x_wconf 76' lang='lat' dir='ltr'><strong>usurpantur,</strong></span> <span class='ocrx_word' id='word_1_182' title='bbox 1262 2367 1368 2452; x_wconf 85' lang='lat' dir='ltr'><strong>nulla</strong></span> <span class='ocrx_word' id='word_1_183' title='bbox 1389 2365 1740 2439; x_wconf 79' lang='lat' dir='ltr'><strong>diuersissimorum</strong></span> <span class='ocrx_word' id='word_1_184' title='bbox 1770 2374 1939 2439; x_wconf 85' lang='lat' dir='ltr'><strong>aetatum</strong></span> <span class='ocrx_word' id='word_1_185' title='bbox 1956 2363 2155 2440; x_wconf 72' lang='lat' dir='ltr'><strong>,habeatur</strong></span> <span class='ocrx_word' id='word_1_186' title='bbox 2169 2389 2225 2440; x_wconf 86' lang='lat' dir='ltr'><strong>ra·</strong></span> 
     </span>
     <span class='ocr_line' id='line_1_18' title="bbox 399 2473 2226 2578; baseline -0.001 -22"><span class='ocrx_word' id='word_1_187' title='bbox 399 2485 466 2556; x_wconf 92' lang='lat' dir='ltr'><strong>tio&#39;.</strong></span> <span class='ocrx_word' id='word_1_188' title='bbox 500 2525 553 2538; x_wconf 92' lang='lat'><strong>--</strong></span> <span class='ocrx_word' id='word_1_189' title='bbox 612 2479 909 2570; x_wconf 83' lang='lat' dir='ltr'><strong>Quodalterum</strong></span> <span class='ocrx_word' id='word_1_190' title='bbox 932 2504 1051 2575; x_wconf 88' lang='lat' dir='ltr'><strong>genus</strong></span> <span class='ocrx_word' id='word_1_191' title='bbox 1076 2484 1214 2559; x_wconf 89' lang='lat' dir='ltr'><strong>attinet</strong></span> <span class='ocrx_word' id='word_1_192' title='bbox 1224 2525 1291 2572; x_wconf 82' lang='lat'><strong>-,</strong></span> <span class='ocrx_word' id='word_1_193' title='bbox 1314 2504 1395 2554; x_wconf 93' lang='lat' dir='ltr'><strong>non</strong></span> <span class='ocrx_word' id='word_1_194' title='bbox 1415 2473 1544 2578; x_wconf 82' lang='lat' dir='ltr'><strong>potest</strong></span> <span class='ocrx_word' id='word_1_195' title='bbox 1563 2481 1721 2554; x_wconf 88' lang='lat' dir='ltr'><strong>dubium</strong></span> <span class='ocrx_word' id='word_1_196' title='bbox 1743 2480 1887 2568; x_wconf 89' lang='lat' dir='ltr'><strong>videri,</strong></span> <span class='ocrx_word' id='word_1_197' title='bbox 1916 2481 2008 2574; x_wconf 90' lang='lat' dir='ltr'><strong>quin</strong></span> <span class='ocrx_word' id='word_1_198' title='bbox 2032 2484 2129 2558; x_wconf 88' lang='lat' dir='ltr'><strong>artis</strong></span> <span class='ocrx_word' id='word_1_199' title='bbox 2150 2505 2226 2556; x_wconf 87' lang='lat' dir='ltr'><strong>mo·</strong></span> 
     </span>
     <span class='ocr_line' id='line_1_19' title="bbox 398 2591 2227 2694; baseline 0.001 -24"><span class='ocrx_word' id='word_1_200' title='bbox 398 2591 593 2670; x_wconf 89' lang='lat' dir='ltr'><strong>numentis</strong></span> <span class='ocrx_word' id='word_1_201' title='bbox 614 2599 741 2670; x_wconf 87' lang='lat' dir='ltr'><strong>inesse</strong></span> <span class='ocrx_word' id='word_1_202' title='bbox 763 2609 953 2692; x_wconf 86' lang='lat' dir='ltr'><strong>putemus,</strong></span> <span class='ocrx_word' id='word_1_203' title='bbox 981 2595 1083 2692; x_wconf 91' lang='lat' dir='ltr'><strong>quod</strong></span> <span class='ocrx_word' id='word_1_204' title='bbox 1103 2599 1145 2670; x_wconf 95' lang='lat' dir='ltr'><strong>in</strong></span> <span class='ocrx_word' id='word_1_205' title='bbox 1168 2597 1440 2692; x_wconf 79' lang='lat' dir='ltr'><strong>cognoscendis</strong></span> <span class='ocrx_word' id='word_1_206' title='bbox 1462 2609 1501 2670; x_wconf 89' lang='lat' dir='ltr'><strong>et</strong></span> <span class='ocrx_word' id='word_1_207' title='bbox 1523 2595 1766 2694; x_wconf 78' lang='lat' dir='ltr'><strong>explicandis</strong></span> <span class='ocrx_word' id='word_1_208' title='bbox 1784 2595 1924 2670; x_wconf 82' lang='lat' dir='ltr'><strong>sabulis</strong></span> <span class='ocrx_word' id='word_1_209' title='bbox 1942 2594 1990 2667; x_wconf 88' lang='lat' dir='ltr'><strong>de</strong></span> <span class='ocrx_word' id='word_1_210' title='bbox 2009 2595 2086 2671; x_wconf 91' lang='lat' dir='ltr'><strong>diis</strong></span> <span class='ocrx_word' id='word_1_211' title='bbox 2103 2598 2227 2672; x_wconf 87' lang='lat' dir='ltr'><strong>rebus-</strong></span> 
     </span>
     <span class='ocr_line' id='line_1_20' title="bbox 400 2709 2225 2814; baseline 0.002 -29"><span class='ocrx_word' id='word_1_212' title='bbox 400 2735 473 2810; x_wconf 89' lang='lat' dir='ltr'><strong>que</strong></span> <span class='ocrx_word' id='word_1_213' title='bbox 497 2713 640 2784; x_wconf 87' lang='lat' dir='ltr'><strong>diuinis</strong></span> <span class='ocrx_word' id='word_1_214' title='bbox 662 2710 807 2806; x_wconf 90' lang='lat' dir='ltr'><strong>aliquid</strong></span> <span class='ocrx_word' id='word_1_215' title='bbox 830 2710 971 2784; x_wconf 90' lang='lat' dir='ltr'><strong>habeat</strong></span> <span class='ocrx_word' id='word_1_216' title='bbox 991 2714 1188 2814; x_wconf 85' lang='lat' dir='ltr'><strong>momenti.</strong></span> <span class='ocrx_word' id='word_1_217' title='bbox 1205 2754 1257 2766; x_wconf 92' lang='grc'>-</span> <span class='ocrx_word' id='word_1_218' title='bbox 1289 2712 1344 2786; x_wconf 90' lang='lat' dir='ltr'><strong>At</strong></span> <span class='ocrx_word' id='word_1_219' title='bbox 1364 2733 1459 2788; x_wconf 88' lang='lat' dir='ltr'><strong>vero</strong></span> <span class='ocrx_word' id='word_1_220' title='bbox 1488 2714 1625 2792; x_wconf 78' lang='lat' dir='ltr'><strong>canuc</strong></span> <span class='ocrx_word' id='word_1_221' title='bbox 1640 2724 1700 2785; x_wconf 82' lang='lat' dir='ltr'><strong>est</strong></span> <span class='ocrx_word' id='word_1_222' title='bbox 1721 2712 1935 2808; x_wconf 83' lang='lat' dir='ltr'><strong>quaedam.</strong></span> <span class='ocrx_word' id='word_1_223' title='bbox 1981 2709 2064 2802; x_wconf 82' lang='lat' dir='ltr'><strong>Quo</strong></span> <span class='ocrx_word' id='word_1_224' title='bbox 2083 2717 2225 2788; x_wconf 83' lang='lat' dir='ltr'><strong>certius</strong></span> 
     </span>
     <span class='ocr_line' id='line_1_21' title="bbox 290 2813 2225 2926; baseline 0.002 -26"><span class='ocrx_word' id='word_1_225' title='bbox 290 2813 307 2846; x_wconf 79' lang='grc'><strong><em>”</em></strong></span> <span class='ocrx_word' id='word_1_226' title='bbox 400 2830 504 2900; x_wconf 78' lang='lat' dir='ltr'><strong>enun</strong></span> <span class='ocrx_word' id='word_1_227' title='bbox 525 2836 695 2914; x_wconf 87' lang='lat' dir='ltr'><strong>constat,</strong></span> <span class='ocrx_word' id='word_1_228' title='bbox 723 2825 826 2922; x_wconf 90' lang='lat' dir='ltr'><strong>apud</strong></span> <span class='ocrx_word' id='word_1_229' title='bbox 840 2826 957 2901; x_wconf 89' lang='lat' dir='ltr'><strong>Indos</strong></span> <span class='ocrx_word' id='word_1_230' title='bbox 983 2823 1248 2926; x_wconf 76' lang='lat' dir='ltr'><strong>etdeg&#39;yptios</strong></span> <span class='ocrx_word' id='word_1_231' title='bbox 1270 2827 1576 2920; x_wconf 11' lang='lat' dir='ltr'><strong>illalfabularum</strong></span> <span class='ocrx_word' id='word_1_232' title='bbox 1599 2828 1804 2906; x_wconf 87' lang='lat' dir='ltr'><strong>simulacra</strong></span> <span class='ocrx_word' id='word_1_233' title='bbox 1837 2839 1986 2902; x_wconf 87' lang='lat' dir='ltr'><strong>tantam</strong></span> <span class='ocrx_word' id='word_1_234' title='bbox 2019 2828 2159 2904; x_wconf 80' lang='lat' dir='ltr'><strong>babere</strong></span> <span class='ocrx_word' id='word_1_235' title='bbox 2184 2833 2225 2904; x_wconf 90' lang='lat' dir='ltr'><strong>li·</strong></span> 
     </span>
     <span class='ocr_line' id='line_1_22' title="bbox 402 2931 2238 3038; baseline 0.002 -24"><span class='ocrx_word' id='word_1_236' title='bbox 402 2931 491 3016; x_wconf 88' lang='lat' dir='ltr'><strong>dem</strong></span> <span class='ocrx_word' id='word_1_237' title='bbox 516 2953 557 3014; x_wconf 92' lang='lat' dir='ltr'><strong>et</strong></span> <span class='ocrx_word' id='word_1_238' title='bbox 579 2943 804 3032; x_wconf 82' lang='lat' dir='ltr'><strong>veritatem,</strong></span> <span class='ocrx_word' id='word_1_239' title='bbox 836 2953 881 3017; x_wconf 86' lang='lat' dir='ltr'><strong>vt</strong></span> <span class='ocrx_word' id='word_1_240' title='bbox 906 2944 954 3014; x_wconf 84' lang='lat' dir='ltr'><strong>iis&#39;</strong></span> <span class='ocrx_word' id='word_1_241' title='bbox 975 2944 1017 3014; x_wconf 94' lang='lat' dir='ltr'><strong>in</strong></span> <span class='ocrx_word' id='word_1_242' title='bbox 1037 2943 1134 3038; x_wconf 83' lang='lat' dir='ltr'><strong>ipsis</strong></span> <span class='ocrx_word' id='word_1_243' title='bbox 1156 2943 1299 3018; x_wconf 80' lang='lat' dir='ltr'><strong>fabulis</strong></span> <span class='ocrx_word' id='word_1_244' title='bbox 1325 2943 1616 3020; x_wconf 87' lang='lat' dir='ltr'><strong>enarrandiset</strong></span> <span class='ocrx_word' id='word_1_245' title='bbox 1638 2942 1876 3018; x_wconf 87' lang='lat' dir='ltr'><strong>illustrandis</strong></span> <span class='ocrx_word' id='word_1_246' title='bbox 1900 2945 1962 3020; x_wconf 86' lang='lat' dir='ltr'><strong>vis</strong></span> <span class='ocrx_word' id='word_1_247' title='bbox 1983 2945 2143 3018; x_wconf 89' lang='lat' dir='ltr'><strong>concedi</strong></span> <span class='ocrx_word' id='word_1_248' title='bbox 2166 2945 2238 3020; x_wconf 70' lang='lat' dir='ltr'><strong>de·</strong></span> 
     </span>
     <span class='ocr_line' id='line_1_23' title="bbox 398 3057 2224 3157; baseline 0.003 -25"><span class='ocrx_word' id='word_1_249' title='bbox 398 3057 491 3144; x_wconf 50' lang='lat' dir='ltr'><strong>¹beat</strong></span> <span class='ocrx_word' id='word_1_250' title='bbox 520 3068 560 3130; x_wconf 91' lang='lat' dir='ltr'><strong>et</strong></span> <span class='ocrx_word' id='word_1_251' title='bbox 585 3057 756 3154; x_wconf 83' lang='lat' dir='ltr'><strong>pondns3</strong></span> <span class='ocrx_word' id='word_1_252' title='bbox 793 3079 839 3130; x_wconf 91' lang='lat' dir='ltr'><strong>eo</strong></span> <span class='ocrx_word' id='word_1_253' title='bbox 868 3060 990 3152; x_wconf 87' lang='lat' dir='ltr'><strong>magis</strong></span> <span class='ocrx_word' id='word_1_254' title='bbox 1012 3058 1138 3133; x_wconf 57' lang='lat' dir='ltr'><strong>vdubia</strong></span> <span class='ocrx_word' id='word_1_255' title='bbox 1161 3081 1224 3132; x_wconf 90' lang='lat' dir='ltr'><strong>res</strong></span> <span class='ocrx_word' id='word_1_256' title='bbox 1248 3071 1308 3132; x_wconf 89' lang='lat' dir='ltr'><strong>est</strong></span> <span class='ocrx_word' id='word_1_257' title='bbox 1329 3071 1368 3132; x_wconf 90' lang='lat' dir='ltr'><strong>et</strong></span> <span class='ocrx_word' id='word_1_258' title='bbox 1388 3059 1542 3134; x_wconf 87' lang='lat' dir='ltr'><strong>lubrica</strong></span> <span class='ocrx_word' id='word_1_259' title='bbox 1559 3057 1663 3157; x_wconf 90' lang='lat' dir='ltr'><strong>apud</strong></span> <span class='ocrx_word' id='word_1_260' title='bbox 1684 3062 1851 3134; x_wconf 88' lang='lat' dir='ltr'><strong>Graecos</strong></span> <span class='ocrx_word' id='word_1_261' title='bbox 1871 3072 1912 3132; x_wconf 93' lang='lat' dir='ltr'><strong>et</strong></span> <span class='ocrx_word' id='word_1_262' title='bbox 1933 3061 2142 3139; x_wconf 66' lang='lat' dir='ltr'><strong>Romans.</strong></span> <span class='ocrx_word' id='word_1_263' title='bbox 2174 3104 2224 3138; x_wconf 74' lang='grc'>-.-,</span> 
     </span>
     <span class='ocr_line' id='line_1_24' title="bbox 396 3172 2226 3275; baseline 0.002 -27"><span class='ocrx_word' id='word_1_264' title='bbox 396 3173 562 3258; x_wconf 80' lang='lat' dir='ltr'><strong>Factum</strong></span> <span class='ocrx_word' id='word_1_265' title='bbox 584 3184 644 3246; x_wconf 89' lang='lat' dir='ltr'><strong>est</strong></span> <span class='ocrx_word' id='word_1_266' title='bbox 661 3172 766 3261; x_wconf 90' lang='lat' dir='ltr'><strong>inde,</strong></span> <span class='ocrx_word' id='word_1_267' title='bbox 797 3186 853 3261; x_wconf 84' lang='lat' dir='ltr'><strong>vt,</strong></span> <span class='ocrx_word' id='word_1_268' title='bbox 879 3191 1123 3271; x_wconf 86' lang='lat' dir='ltr'><strong>quaecunque</strong></span> <span class='ocrx_word' id='word_1_269' title='bbox 1138 3174 1187 3248; x_wconf 90' lang='lat' dir='ltr'><strong>ab</strong></span> <span class='ocrx_word' id='word_1_270' title='bbox 1200 3173 1422 3270; x_wconf 82' lang='lat' dir='ltr'><strong>Aegyptiis,</strong></span> <span class='ocrx_word' id='word_1_271' title='bbox 1448 3176 1701 3250; x_wconf 80' lang='lat' dir='ltr'><strong>Phoenicibus</strong></span> <span class='ocrx_word' id='word_1_272' title='bbox 1718 3177 1880 3272; x_wconf 89' lang='lat' dir='ltr'><strong>aliisque</strong></span> <span class='ocrx_word' id='word_1_273' title='bbox 1896 3177 2048 3273; x_wconf 89' lang='lat' dir='ltr'><strong>populis</strong></span> <span class='ocrx_word' id='word_1_274' title='bbox 2068 3179 2226 3275; x_wconf 89' lang='lat' dir='ltr'><strong>recepis-</strong></span> 
     </span>
     <span class='ocr_line' id='line_1_25' title="bbox 400 3289 2227 3391; baseline 0.003 -29"><span class='ocrx_word' id='word_1_275' title='bbox 400 3301 460 3362; x_wconf 86' lang='lat' dir='ltr'><strong>set</strong></span> <span class='ocrx_word' id='word_1_276' title='bbox 482 3289 714 3362; x_wconf 86' lang='lat' dir='ltr'><strong>Graecorum</strong></span> <span class='ocrx_word' id='word_1_277' title='bbox 737 3290 1071 3384; x_wconf 84' lang='lat' dir='ltr'><strong>Romanorumque</strong></span> <span class='ocrx_word' id='word_1_278' title='bbox 1094 3289 1250 3362; x_wconf 90' lang='lat' dir='ltr'><strong>credula</strong></span> <span class='ocrx_word' id='word_1_279' title='bbox 1268 3292 1511 3386; x_wconf 84' lang='lat' dir='ltr'><strong>superstitio,</strong></span> <span class='ocrx_word' id='word_1_280' title='bbox 1535 3292 1591 3363; x_wconf 89' lang='lat' dir='ltr'><strong>ita</strong></span> <span class='ocrx_word' id='word_1_281' title='bbox 1612 3293 1756 3366; x_wconf 89' lang='lat' dir='ltr'><strong>sensim</strong></span> <span class='ocrx_word' id='word_1_282' title='bbox 1788 3293 1897 3386; x_wconf 85' lang='lat' dir='ltr'><strong>quasi</strong></span> <span class='ocrx_word' id='word_1_283' title='bbox 1917 3294 2170 3391; x_wconf 86' lang='lat' dir='ltr'><strong>popularibus</strong></span> <span class='ocrx_word' id='word_1_284' title='bbox 2192 3305 2227 3368; x_wconf 85' lang='lat' dir='ltr'><strong>et</strong></span> 
     </span>
     <span class='ocr_line' id='line_1_26' title="bbox 402 3401 2225 3496; baseline 0.004 -18"><span class='ocrx_word' id='word_1_285' title='bbox 402 3403 578 3496; x_wconf 90' lang='lat' dir='ltr'><strong>ingenuis</strong></span> <span class='ocrx_word' id='word_1_286' title='bbox 594 3401 826 3486; x_wconf 82' lang='lat' dir='ltr'><strong>numinibus</strong></span> <span class='ocrx_word' id='word_1_287' title='bbox 855 3403 1191 3486; x_wconf 80' lang='lat' dir='ltr'><strong>accommodarent</strong></span> <span class='ocrx_word' id='word_1_288' title='bbox 1211 3405 1403 3493; x_wconf 85' lang='lat' dir='ltr'><strong>artifices,</strong></span> <span class='ocrx_word' id='word_1_289' title='bbox 1437 3417 1482 3481; x_wconf 82' lang='lat' dir='ltr'><strong>vt</strong></span> <span class='ocrx_word' id='word_1_290' title='bbox 1503 3403 1667 3480; x_wconf 85' lang='lat' dir='ltr'><strong>barbara</strong></span> <span class='ocrx_word' id='word_1_291' title='bbox 1686 3409 1765 3480; x_wconf 84' lang='lat' dir='ltr'><strong>ista</strong></span> <span class='ocrx_word' id='word_1_292' title='bbox 1789 3418 1830 3479; x_wconf 88' lang='lat' dir='ltr'><strong>et</strong></span> <span class='ocrx_word' id='word_1_293' title='bbox 1861 3419 1998 3484; x_wconf 84' lang='lat' dir='ltr'><strong>extera</strong></span> <span class='ocrx_word' id='word_1_294' title='bbox 2025 3411 2225 3484; x_wconf 86' lang='lat' dir='ltr'><strong>austeritas</strong></span> 
     </span>
     <span class='ocr_line' id='line_1_27' title="bbox 400 3509 2226 3618; baseline 0.004 -27"><span class='ocrx_word' id='word_1_295' title='bbox 400 3517 453 3592; x_wconf 89' lang='lat' dir='ltr'><strong>ad</strong></span> <span class='ocrx_word' id='word_1_296' title='bbox 476 3517 705 3590; x_wconf 89' lang='lat' dir='ltr'><strong>suauitatem</strong></span> <span class='ocrx_word' id='word_1_297' title='bbox 729 3516 946 3591; x_wconf 84' lang='lat' dir='ltr'><strong>deflecteret</strong></span> <span class='ocrx_word' id='word_1_298' title='bbox 965 3529 1004 3590; x_wconf 90' lang='lat' dir='ltr'><strong>et</strong></span> <span class='ocrx_word' id='word_1_299' title='bbox 1027 3519 1184 3612; x_wconf 90' lang='lat' dir='ltr'><strong>originis</strong></span> <span class='ocrx_word' id='word_1_300' title='bbox 1205 3541 1350 3593; x_wconf 86' lang='lat' dir='ltr'><strong>naeuus</strong></span> <span class='ocrx_word' id='word_1_301' title='bbox 1372 3521 1414 3594; x_wconf 94' lang='lat' dir='ltr'><strong>in</strong></span> <span class='ocrx_word' id='word_1_302' title='bbox 1431 3520 1586 3594; x_wconf 82' lang='lat' dir='ltr'><strong>dissita</strong></span> <span class='ocrx_word' id='word_1_303' title='bbox 1602 3509 1896 3618; x_wconf 75' lang='lat' dir='ltr'><strong>abstergeretur,</strong></span> <span class='ocrx_word' id='word_1_304' title='bbox 1924 3535 1970 3600; x_wconf 86' lang='lat' dir='ltr'><strong>vt</strong></span> <span class='ocrx_word' id='word_1_305' title='bbox 1987 3528 2226 3604; x_wconf 82' lang='lat' dir='ltr'><strong>momtrosis·</strong></span> 
     </span>
     <span class='ocr_line' id='line_1_28' title="bbox 401 3628 2225 3738; baseline 0.003 -30"><span class='ocrx_word' id='word_1_306' title='bbox 401 3636 522 3708; x_wconf 91' lang='lat' dir='ltr'><strong>simas</strong></span> <span class='ocrx_word' id='word_1_307' title='bbox 544 3631 691 3705; x_wconf 87' lang='lat' dir='ltr'><strong>formos</strong></span> <span class='ocrx_word' id='word_1_308' title='bbox 712 3632 763 3706; x_wconf 90' lang='lat' dir='ltr'><strong>ad</strong></span> <span class='ocrx_word' id='word_1_309' title='bbox 785 3632 943 3714; x_wconf 85' lang='lat' dir='ltr'><strong>humani</strong></span> <span class='ocrx_word' id='word_1_310' title='bbox 965 3635 1142 3730; x_wconf 80' lang='lat' dir='ltr'><strong>corporis,</strong></span> <span class='ocrx_word' id='word_1_311' title='bbox 1155 3637 1316 3728; x_wconf 86' lang='lat' dir='ltr'><strong>gratiam</strong></span> <span class='ocrx_word' id='word_1_312' title='bbox 1340 3648 1381 3708; x_wconf 89' lang='lat' dir='ltr'><strong>ct</strong></span> <span class='ocrx_word' id='word_1_313' title='bbox 1404 3628 1701 3712; x_wconf 87' lang='lat' dir='ltr'><strong>concinnitatem</strong></span> <span class='ocrx_word' id='word_1_314' title='bbox 1716 3640 1881 3716; x_wconf 81' lang='lat' dir='ltr'><strong>artifices</strong></span> <span class='ocrx_word' id='word_1_315' title='bbox 1896 3642 2019 3735; x_wconf 88' lang='lat' dir='ltr'><strong>magis</strong></span> <span class='ocrx_word' id='word_1_316' title='bbox 2035 3644 2225 3738; x_wconf 84' lang='lat' dir='ltr'><strong>magisque</strong></span> 
     </span>
     <span class='ocr_line' id='line_1_29' title="bbox 398 3746 2227 3847; baseline 0.007 -24"><span class='ocrx_word' id='word_1_317' title='bbox 398 3758 675 3847; x_wconf 88' lang='lat' dir='ltr'><strong>temperarent.</strong></span> <span class='ocrx_word' id='word_1_318' title='bbox 732 3746 833 3837; x_wconf 79' lang='lat' dir='ltr'><strong>Quid</strong></span> <span class='ocrx_word' id='word_1_319' title='bbox 857 3750 960 3822; x_wconf 88' lang='lat' dir='ltr'><strong>enim</strong></span> <span class='ocrx_word' id='word_1_320' title='bbox 983 3747 1089 3824; x_wconf 89' lang='lat' dir='ltr'><strong>aliud</strong></span> <span class='ocrx_word' id='word_1_321' title='bbox 1114 3761 1275 3824; x_wconf 86' lang='lat' dir='ltr'><strong>testatur</strong></span> <span class='ocrx_word' id='word_1_322' title='bbox 1297 3751 1379 3828; x_wconf 88' lang='lat' dir='ltr'><strong>Pan</strong></span> <span class='ocrx_word' id='word_1_323' title='bbox 1401 3753 1467 3827; x_wconf 90' lang='lat' dir='ltr'><strong>ille</strong></span> <span class='ocrx_word' id='word_1_324' title='bbox 1490 3755 1722 3828; x_wconf 87' lang='lat' dir='ltr'><strong>Graecorum</strong></span> <span class='ocrx_word' id='word_1_325' title='bbox 1749 3768 1789 3828; x_wconf 92' lang='lat' dir='ltr'><strong>et</strong></span> <span class='ocrx_word' id='word_1_326' title='bbox 1810 3755 2093 3847; x_wconf 81' lang='lat' dir='ltr'><strong>Romanorum,</strong></span> <span class='ocrx_word' id='word_1_327' title='bbox 2123 3759 2227 3836; x_wconf 87' lang='lat' dir='ltr'><strong>Meu·</strong></span> 
     </span>
     <span class='ocr_line' id='line_1_30' title="bbox 399 3851 2227 3970; baseline 0.004 -31"><span class='ocrx_word' id='word_1_328' title='bbox 399 3864 532 3946; x_wconf 85' lang='lat' dir='ltr'><strong>¹desios</strong></span> <span class='ocrx_word' id='word_1_329' title='bbox 553 3851 830 3959; x_wconf 84' lang='lat' dir='ltr'><strong>Aegyptiorum</strong></span> <span class='ocrx_word' id='word_1_330' title='bbox 850 3862 1001 3939; x_wconf 86' lang='lat' dir='ltr'><strong>bireusl</strong></span> <span class='ocrx_word' id='word_1_331' title='bbox 1038 3863 1132 3961; x_wconf 91' lang='lat' dir='ltr'><strong>quid</strong></span> <span class='ocrx_word' id='word_1_332' title='bbox 1151 3865 1258 3940; x_wconf 90' lang='lat' dir='ltr'><strong>aliud</strong></span> <span class='ocrx_word' id='word_1_333' title='bbox 1278 3867 1421 3942; x_wconf 86' lang='lat' dir='ltr'><strong>fatetur</strong></span> <span class='ocrx_word' id='word_1_334' title='bbox 1436 3868 1588 3963; x_wconf 53' lang='lat' dir='ltr'><strong>,lupitcr</strong></span> <span class='ocrx_word' id='word_1_335' title='bbox 1610 3851 1795 3958; x_wconf 72' lang='lat' dir='ltr'><strong>dromon,</strong></span> <span class='ocrx_word' id='word_1_336' title='bbox 1810 3863 1868 3946; x_wconf 48' lang='lat' dir='ltr'><strong>*in</strong></span> <span class='ocrx_word' id='word_1_337' title='bbox 1884 3873 1991 3948; x_wconf 90' lang='lat' dir='ltr'><strong>cuius</strong></span> <span class='ocrx_word' id='word_1_338' title='bbox 2012 3875 2140 3970; x_wconf 86' lang='lat' dir='ltr'><strong>eapite</strong></span> <span class='ocrx_word' id='word_1_339' title='bbox 2156 3875 2227 3949; x_wconf 83' lang='lat' dir='ltr'><strong>vix</strong></span> 
     </span>
     <span class='ocr_line' id='line_1_31' title="bbox 401 3978 2226 4077; baseline 0.008 -25"><span class='ocrx_word' id='word_1_340' title='bbox 401 3991 516 4054; x_wconf 90' lang='lat' dir='ltr'><strong>tenue</strong></span> <span class='ocrx_word' id='word_1_341' title='bbox 542 3981 747 4073; x_wconf 88' lang='lat' dir='ltr'><strong>vestigium</strong></span> <span class='ocrx_word' id='word_1_342' title='bbox 767 3978 930 4054; x_wconf 84' lang='lat' dir='ltr'><strong>Arnunis</strong></span> <span class='ocrx_word' id='word_1_343' title='bbox 959 3983 1092 4066; x_wconf 87' lang='lat' dir='ltr'><strong>arietis</strong></span> <span class='ocrx_word' id='word_1_344' title='bbox 1118 3981 1326 4074; x_wconf 85' lang='lat' dir='ltr'><strong>agnoscasl</strong></span> <span class='ocrx_word' id='word_1_345' title='bbox 1368 3981 1470 4072; x_wconf 79' lang='lat' dir='ltr'><strong>Quid</strong></span> <span class='ocrx_word' id='word_1_346' title='bbox 1494 3985 1619 4061; x_wconf 86' lang='lat' dir='ltr'><strong>dicam</strong></span> <span class='ocrx_word' id='word_1_347' title='bbox 1642 3984 1690 4058; x_wconf 89' lang='lat' dir='ltr'><strong>de</strong></span> <span class='ocrx_word' id='word_1_348' title='bbox 1712 3983 1818 4062; x_wconf 85' lang='lat' dir='ltr'><strong>Osiri</strong></span> <span class='ocrx_word' id='word_1_349' title='bbox 1835 3998 1875 4059; x_wconf 89' lang='lat' dir='ltr'><strong>et</strong></span> <span class='ocrx_word' id='word_1_350' title='bbox 1895 3987 2016 4077; x_wconf 78' lang='lat' dir='ltr'><strong>laide,</strong></span> <span class='ocrx_word' id='word_1_351' title='bbox 2055 3988 2106 4062; x_wconf 92' lang='lat' dir='ltr'><strong>de</strong></span> <span class='ocrx_word' id='word_1_352' title='bbox 2132 3989 2226 4066; x_wconf 83' lang='grc' dir='ltr'><strong>Ηιιι-Ι</strong></span> 
     </span>
     <span class='ocr_line' id='line_1_32' title="bbox 401 4093 2226 4194; baseline 0.007 -26"><span class='ocrx_word' id='word_1_353' title='bbox 401 4105 577 4194; x_wconf 87' lang='lat' dir='ltr'><strong>pocrate,</strong></span> <span class='ocrx_word' id='word_1_354' title='bbox 606 4093 744 4192; x_wconf 83' lang='lat' dir='ltr'><strong>Serapi</strong></span> <span class='ocrx_word' id='word_1_355' title='bbox 766 4094 947 4191; x_wconf 85' lang='lat' dir='ltr'><strong>aliisquel</strong></span> <span class='ocrx_word' id='word_1_356' title='bbox 961 4139 1015 4150; x_wconf 92' lang='lat'><em>—</em></span> <span class='ocrx_word' id='word_1_357' title='bbox 1056 4093 1187 4192; x_wconf 88' lang='lat' dir='ltr'><strong>Neque</strong></span> <span class='ocrx_word' id='word_1_358' title='bbox 1209 4101 1368 4172; x_wconf 86' lang='lat' dir='ltr'><strong>veroin</strong></span> <span class='ocrx_word' id='word_1_359' title='bbox 1392 4098 1555 4174; x_wconf 84' lang='lat' dir='ltr'><strong>fontium</strong></span> <span class='ocrx_word' id='word_1_360' title='bbox 1574 4099 1649 4174; x_wconf 87' lang='lat' dir='ltr'><strong>lide</strong></span> <span class='ocrx_word' id='word_1_361' title='bbox 1673 4113 1712 4177; x_wconf 91' lang='lat' dir='ltr'><strong>ct</strong></span> <span class='ocrx_word' id='word_1_362' title='bbox 1731 4103 1958 4176; x_wconf 84' lang='lat' dir='ltr'><strong>auctoritate</strong></span> <span class='ocrx_word' id='word_1_363' title='bbox 1980 4103 2226 4180; x_wconf 80' lang='lat' dir='ltr'><strong>diiudicanda</strong></span> 
     </span>
     <span class='ocr_line' id='line_1_33' title="bbox 400 4211 2229 4316; baseline 0.006 -33"><span class='ocrx_word' id='word_1_364' title='bbox 400 4211 501 4292; x_wconf 76' lang='lat' dir='ltr'><strong>¹tales</strong></span> <span class='ocrx_word' id='word_1_365' title='bbox 530 4221 679 4284; x_wconf 89' lang='lat' dir='ltr'><strong>suntet</strong></span> <span class='ocrx_word' id='word_1_366' title='bbox 706 4220 838 4282; x_wconf 90' lang='lat' dir='ltr'><strong>tantae</strong></span> <span class='ocrx_word' id='word_1_367' title='bbox 861 4215 1074 4302; x_wconf 65' lang='lat' dir='ltr'><strong>amoenae</strong></span> <span class='ocrx_word' id='word_1_368' title='bbox 1107 4233 1242 4287; x_wconf 85' lang='lat' dir='ltr'><strong>verum</strong></span> <span class='ocrx_word' id='word_1_369' title='bbox 1264 4215 1383 4288; x_wconf 91' lang='lat' dir='ltr'><strong>etiam</strong></span> <span class='ocrx_word' id='word_1_370' title='bbox 1405 4216 1448 4288; x_wconf 91' lang='lat' dir='ltr'><strong>in</strong></span> <span class='ocrx_word' id='word_1_371' title='bbox 1471 4216 1707 4292; x_wconf 84' lang='lat' dir='ltr'><strong>instituenda</strong></span> <span class='ocrx_word' id='word_1_372' title='bbox 1729 4239 1861 4302; x_wconf 83' lang='lat' dir='ltr'><strong>eomer</strong></span> <span class='ocrx_word' id='word_1_373' title='bbox 1883 4220 2158 4316; x_wconf 81' lang='lat' dir='ltr'><strong>explicatione,</strong></span> <span class='ocrx_word' id='word_1_374' title='bbox 2185 4223 2229 4294; x_wconf 91' lang='lat' dir='ltr'><strong>in</strong></span> 
     </span>
     <span class='ocr_line' id='line_1_34' title="bbox 403 4323 2225 4426; baseline 0.008 -29"><span class='ocrx_word' id='word_1_375' title='bbox 403 4324 627 4424; x_wconf 88' lang='lat' dir='ltr'><strong>primordiis</strong></span> <span class='ocrx_word' id='word_1_376' title='bbox 654 4323 873 4398; x_wconf 89' lang='lat' dir='ltr'><strong>indicandis</strong></span> <span class='ocrx_word' id='word_1_377' title='bbox 897 4338 937 4398; x_wconf 93' lang='lat' dir='ltr'><strong>et</strong></span> <span class='ocrx_word' id='word_1_378' title='bbox 962 4329 1240 4422; x_wconf 89' lang='lat' dir='ltr'><strong>inuestigandis</strong></span> <span class='ocrx_word' id='word_1_379' title='bbox 1259 4329 1479 4424; x_wconf 86' lang='lat' dir='ltr'><strong>originibus.</strong></span> <span class='ocrx_word' id='word_1_380' title='bbox 1506 4373 1559 4388; x_wconf 87' lang='lat'><strong>--</strong></span> <span class='ocrx_word' id='word_1_381' title='bbox 1609 4331 1790 4408; x_wconf 84' lang='lat' dir='ltr'><strong>Omnium</strong></span> <span class='ocrx_word' id='word_1_382' title='bbox 1817 4337 1990 4410; x_wconf 81' lang='lat' dir='ltr'><strong>maximo</strong></span> <span class='ocrx_word' id='word_1_383' title='bbox 2011 4337 2225 4426; x_wconf 78' lang='lat' dir='ltr'><strong>cauendum</strong></span> 
     </span>
     <span class='ocr_line' id='line_1_35' title="bbox 301 4433 2226 4549; baseline 0.008 -37"><span class='ocrx_word' id='word_1_384' title='bbox 301 4485 304 4490; x_wconf 77' lang='lat'><strong>,</strong></span> <span class='ocrx_word' id='word_1_385' title='bbox 403 4453 482 4531; x_wconf 90' lang='lat' dir='ltr'><strong>est,</strong></span> <span class='ocrx_word' id='word_1_386' title='bbox 508 4455 558 4512; x_wconf 84' lang='lat' dir='ltr'><strong>ne</strong></span> <span class='ocrx_word' id='word_1_387' title='bbox 580 4442 619 4513; x_wconf 92' lang='lat' dir='ltr'><strong>in</strong></span> <span class='ocrx_word' id='word_1_388' title='bbox 644 4440 904 4516; x_wconf 88' lang='lat' dir='ltr'><strong>describendis</strong></span> <span class='ocrx_word' id='word_1_389' title='bbox 932 4441 1146 4520; x_wconf 83' lang='lat' dir='ltr'><strong>fabularum</strong></span> <span class='ocrx_word' id='word_1_390' title='bbox 1174 4446 1348 4544; x_wconf 88' lang='lat' dir='ltr'><strong>partibus</strong></span> <span class='ocrx_word' id='word_1_391' title='bbox 1375 4445 1647 4542; x_wconf 82' lang='lat' dir='ltr'><strong>praebrdieatis</strong></span> <span class='ocrx_word' id='word_1_392' title='bbox 1676 4449 1940 4544; x_wconf 79' lang='lat' dir='ltr'><strong>indulgeamus</strong></span> <span class='ocrx_word' id='word_1_393' title='bbox 1968 4433 2226 4549; x_wconf 84' lang='lat' dir='ltr'><strong>opinionibus.</strong></span> 
     </span>
     <span class='ocr_line' id='line_1_36' title="bbox 263 4549 2228 4662; baseline 0.008 -34"><span class='ocrx_word' id='word_1_394' title='bbox 263 4649 264 4654; x_wconf 6' lang='grc' dir='ltr'><strong>Ἰ</strong></span> <span class='ocrx_word' id='word_1_395' title='bbox 405 4600 456 4614; x_wconf 92' lang='lat'><em>-</em></span> <span class='ocrx_word' id='word_1_396' title='bbox 486 4556 791 4630; x_wconf 85' lang='lat' dir='ltr'><strong>Vehementerii</strong></span> <span class='ocrx_word' id='word_1_397' title='bbox 817 4581 945 4632; x_wconf 91' lang='lat' dir='ltr'><strong>errare</strong></span> <span class='ocrx_word' id='word_1_398' title='bbox 964 4561 1156 4649; x_wconf 88' lang='lat' dir='ltr'><strong>videntur,</strong></span> <span class='ocrx_word' id='word_1_399' title='bbox 1186 4564 1261 4658; x_wconf 93' lang='lat' dir='ltr'><strong>qui,</strong></span> <span class='ocrx_word' id='word_1_400' title='bbox 1292 4575 1446 4636; x_wconf 85' lang='lat' dir='ltr'><strong>cunctas</strong></span> <span class='ocrx_word' id='word_1_401' title='bbox 1465 4549 1639 4637; x_wconf 86' lang='lat' dir='ltr'><strong>omniurn</strong></span> <span class='ocrx_word' id='word_1_402' title='bbox 1658 4566 1885 4662; x_wconf 85' lang='lat' dir='ltr'><strong>popularum</strong></span> <span class='ocrx_word' id='word_1_403' title='bbox 1907 4566 2131 4643; x_wconf 88' lang='lat' dir='ltr'><strong>sabulasde</strong></span> <span class='ocrx_word' id='word_1_404' title='bbox 2151 4569 2228 4643; x_wconf 86' lang='lat' dir='ltr'><strong>diis</strong></span> 
     </span>
     <span class='ocr_line' id='line_1_37' title="bbox 399 4671 2232 4778; baseline 0.008 -34"><span class='ocrx_word' id='word_1_405' title='bbox 399 4672 586 4769; x_wconf 85' lang='lat' dir='ltr'><strong>rebusque</strong></span> <span class='ocrx_word' id='word_1_406' title='bbox 607 4673 750 4746; x_wconf 85' lang='lat' dir='ltr'><strong>diuinis</strong></span> <span class='ocrx_word' id='word_1_407' title='bbox 770 4671 908 4747; x_wconf 84' lang='lat' dir='ltr'><strong>iisdem</strong></span> <span class='ocrx_word' id='word_1_408' title='bbox 933 4698 954 4746; x_wconf 94' lang='lat' dir='ltr'><strong>e</strong></span> <span class='ocrx_word' id='word_1_409' title='bbox 971 4679 1096 4749; x_wconf 86' lang='lat' dir='ltr'><strong>causis</strong></span> <span class='ocrx_word' id='word_1_410' title='bbox 1113 4689 1216 4751; x_wconf 87' lang='lat' dir='ltr'><strong>ortas</strong></span> <span class='ocrx_word' id='word_1_411' title='bbox 1241 4699 1324 4750; x_wconf 90' lang='lat' dir='ltr'><strong>csse</strong></span> <span class='ocrx_word' id='word_1_412' title='bbox 1347 4680 1548 4776; x_wconf 90' lang='lat' dir='ltr'><strong>opinantes</strong></span> <span class='ocrx_word' id='word_1_413' title='bbox 1569 4701 1623 4751; x_wconf 85' lang='lat' dir='ltr'><strong>ex</strong></span> <span class='ocrx_word' id='word_1_414' title='bbox 1639 4705 1717 4756; x_wconf 76' lang='lat' dir='ltr'><strong>vrso</strong></span> <span class='ocrx_word' id='word_1_415' title='bbox 1733 4681 1840 4778; x_wconf 88' lang='lat' dir='ltr'><strong>quasi</strong></span> <span class='ocrx_word' id='word_1_416' title='bbox 1854 4695 1893 4754; x_wconf 89' lang='lat' dir='ltr'><strong>et</strong></span> <span class='ocrx_word' id='word_1_417' title='bbox 1908 4687 2102 4758; x_wconf 88' lang='lat' dir='ltr'><strong>communi</strong></span> <span class='ocrx_word' id='word_1_418' title='bbox 2120 4685 2232 4759; x_wconf 82' lang='lat' dir='ltr'><strong>fonte</strong></span> 
     </span>
    </p>
   </div>
   <div class='ocr_carea' id='block_1_3' title="bbox 396 4787 2229 4899">
    <p class='ocr_par' dir='ltr' id='par_1_3' title="bbox 396 4787 2229 4899">
     <span class='ocr_line' id='line_1_38' title="bbox 396 4787 2229 4899; baseline 0.012 -43"><span class='ocrx_word' id='word_1_419' title='bbox 396 4787 632 4863; x_wconf 81' lang='lat' dir='ltr'><strong>easstudent</strong></span> <span class='ocrx_word' id='word_1_420' title='bbox 648 4787 849 4864; x_wconf 86' lang='lat' dir='ltr'><strong>deducere.</strong></span> <span class='ocrx_word' id='word_1_421' title='bbox 866 4833 918 4846; x_wconf 91' lang='lat'>-</span> <span class='ocrx_word' id='word_1_422' title='bbox 950 4791 1028 4864; x_wconf 89' lang='lat' dir='ltr'><strong>lsta</strong></span> <span class='ocrx_word' id='word_1_423' title='bbox 1042 4793 1229 4888; x_wconf 88' lang='lat' dir='ltr'><strong>originum</strong></span> <span class='ocrx_word' id='word_1_424' title='bbox 1246 4791 1470 4886; x_wconf 79' lang='lat' dir='ltr'><strong>sunilitudo,</strong></span> <span class='ocrx_word' id='word_1_425' title='bbox 1488 4803 1540 4852; x_wconf 76' lang='lat'>-&#39;-·</span> <span class='ocrx_word' id='word_1_426' title='bbox 1575 4796 1643 4870; x_wconf 92' lang='lat' dir='ltr'><strong>illa</strong></span> <span class='ocrx_word' id='word_1_427' title='bbox 1657 4793 1872 4874; x_wconf 84' lang='lat' dir='ltr'><strong>fabularum</strong></span> <span class='ocrx_word' id='word_1_428' title='bbox 1886 4795 2114 4898; x_wconf 84' lang='lat' dir='ltr'><strong>primordia,</strong></span> <span class='ocrx_word' id='word_1_429' title='bbox 2128 4825 2229 4899; x_wconf 81' lang='lat' dir='ltr'><strong>quas</strong></span> 
     </span>
    </p>
   </div>
   <div class='ocr_carea' id='block_1_4' title="bbox 0 0 2297 6068">
    <p class='ocr_par' dir='ltr' id='par_1_4' title="bbox 0 0 2297 6068">
     <span class='ocr_line' id='line_1_39' title="bbox 0 0 2297 6068; baseline 0 0"><span class='ocrx_word' id='word_1_430' title='bbox 0 0 2297 6068; x_wconf 95' lang='lat' dir='ltr'><strong> </strong></span> 
     </span>
    </p>
   </div>
  </div>
 </body>
</html>
