<?xml version="1.0" encoding="UTF-8"?>
<!DOCTYPE html PUBLIC "-//W3C//DTD XHTML 1.0 Transitional//EN"
    "http://www.w3.org/TR/xhtml1/DTD/xhtml1-transitional.dtd">
<html xmlns="http://www.w3.org/1999/xhtml" xml:lang="en" lang="en">
 <head>
  <title>
</title>
<meta http-equiv="Content-Type" content="text/html;charset=utf-8" />
  <meta name='ocr-system' content='tesseract 3.04.00' />
  <meta name='ocr-capabilities' content='ocr_page ocr_carea ocr_par ocr_line ocrx_word'/>
</head>
<body>
  <div class='ocr_page' id='page_1' title='image "./delinguaetliter00spohgoog_0145.png"; bbox 0 0 4568 6076; ppageno 0'>
   <div class='ocr_carea' id='block_1_1' title="bbox 801 541 1176 618">
    <p class='ocr_par' dir='ltr' id='par_1_1' title="bbox 801 541 1176 618">
     <span class='ocr_line' id='line_1_1' title="bbox 801 541 1176 618; baseline 0.016 -21"><span class='ocrx_word' id='word_1_1' title='bbox 801 541 1176 618; x_wconf 78' lang='grc'><strong>...5-</strong></span> 
     </span>
    </p>
   </div>
   <div class='ocr_carea' id='block_1_2' title="bbox 5 715 1954 1106">
    <p class='ocr_par' dir='ltr' id='par_1_2' title="bbox 5 715 1954 1106">
     <span class='ocr_line' id='line_1_2' title="bbox 59 715 1904 869; baseline 0.017 -52"><span class='ocrx_word' id='word_1_2' title='bbox 59 745 167 822; x_wconf 84' lang='lat' dir='ltr'><strong>Pars</strong></span> <span class='ocrx_word' id='word_1_3' title='bbox 182 749 228 822; x_wconf 88' lang='lat' dir='ltr'><strong>Il.</strong></span> <span class='ocrx_word' id='word_1_4' title='bbox 256 747 305 824; x_wconf 85' lang='lat' dir='ltr'><strong>ed</strong></span> <span class='ocrx_word' id='word_1_5' title='bbox 322 761 446 848; x_wconf 89' lang='lat' dir='ltr'><strong>caput</strong></span> <span class='ocrx_word' id='word_1_6' title='bbox 470 735 633 826; x_wconf 91' lang='lat' dir='ltr'><strong>V..inde</strong></span> <span class='ocrx_word' id='word_1_7' title='bbox 660 776 683 826; x_wconf 85' lang='lat' dir='ltr'><strong>a</strong></span> <span class='ocrx_word' id='word_1_8' title='bbox 706 778 821 832; x_wconf 87' lang='lat' dir='ltr'><strong>versu</strong></span> <span class='ocrx_word' id='word_1_9' title='bbox 847 715 893 850; x_wconf 55' lang='grc' dir='ltr'><strong>ἐς</strong></span> <span class='ocrx_word' id='word_1_10' title='bbox 917 757 1010 833; x_wconf 90' lang='lat' dir='ltr'><strong>Pars</strong></span> <span class='ocrx_word' id='word_1_11' title='bbox 1025 758 1092 832; x_wconf 90' lang='lat' dir='ltr'><strong>Ill.</strong></span> <span class='ocrx_word' id='word_1_12' title='bbox 1117 759 1167 834; x_wconf 89' lang='lat' dir='ltr'><strong>ad</strong></span> <span class='ocrx_word' id='word_1_13' title='bbox 1194 775 1306 859; x_wconf 88' lang='lat' dir='ltr'><strong>ceput</strong></span> <span class='ocrx_word' id='word_1_14' title='bbox 1330 763 1425 854; x_wconf 84' lang='lat' dir='ltr'><strong>Vll,</strong></span> <span class='ocrx_word' id='word_1_15' title='bbox 1451 766 1516 860; x_wconf 86' lang='lat' dir='ltr'><strong>vbi</strong></span> <span class='ocrx_word' id='word_1_16' title='bbox 1531 787 1666 844; x_wconf 85' lang='lat' dir='ltr'><strong>versus</strong></span> <span class='ocrx_word' id='word_1_17' title='bbox 1682 769 1904 869; x_wconf 79' lang='lat' dir='ltr'><strong>Aegyptiaci</strong></span> 
     </span>
     <span class='ocr_line' id='line_1_3' title="bbox 62 869 1954 980; baseline 0.011 -38"><span class='ocrx_word' id='word_1_18' title='bbox 62 877 94 958; x_wconf 92' lang='lat' dir='ltr'><strong>l,</strong></span> <span class='ocrx_word' id='word_1_19' title='bbox 127 871 183 961; x_wconf 84' lang='lat'><strong>2,</strong></span> <span class='ocrx_word' id='word_1_20' title='bbox 210 875 233 943; x_wconf 80' lang='lat'>3</span> <span class='ocrx_word' id='word_1_21' title='bbox 261 881 435 966; x_wconf 89' lang='lat' dir='ltr'><strong>spectant</strong></span> <span class='ocrx_word' id='word_1_22' title='bbox 456 869 505 942; x_wconf 88' lang='lat' dir='ltr'><strong>ad</strong></span> <span class='ocrx_word' id='word_1_23' title='bbox 528 871 651 945; x_wconf 90' lang='lat' dir='ltr'><strong>lineas</strong></span> <span class='ocrx_word' id='word_1_24' title='bbox 674 879 937 952; x_wconf 89' lang='lat' dir='ltr'><strong>commentarii</strong></span> <span class='ocrx_word' id='word_1_25' title='bbox 963 875 1001 966; x_wconf 95' lang='lat' dir='ltr'><strong>l,</strong></span> <span class='ocrx_word' id='word_1_26' title='bbox 1027 877 1083 968; x_wconf 87' lang='grc' dir='ltr'><strong>ΙΙ,</strong></span> <span class='ocrx_word' id='word_1_27' title='bbox 1107 879 1183 968; x_wconf 94' lang='lat' dir='ltr'><strong>lll,</strong></span> <span class='ocrx_word' id='word_1_28' title='bbox 1208 893 1323 976; x_wconf 86' lang='lat' dir='ltr'><strong>atque</strong></span> <span class='ocrx_word' id='word_1_29' title='bbox 1349 884 1518 980; x_wconf 88' lang='lat' dir='ltr'><strong>reliquae</strong></span> <span class='ocrx_word' id='word_1_30' title='bbox 1544 888 1671 963; x_wconf 87' lang='lat' dir='ltr'><strong>lineae</strong></span> <span class='ocrx_word' id='word_1_31' title='bbox 1695 892 1744 964; x_wconf 87' lang='lat' dir='ltr'><strong>ad</strong></span> <span class='ocrx_word' id='word_1_32' title='bbox 1772 915 1904 966; x_wconf 88' lang='lat' dir='ltr'><strong>versos</strong></span> <span class='ocrx_word' id='word_1_33' title='bbox 1949 931 1954 944; x_wconf 93' lang='lat'><strong>·</strong></span> 
     </span>
     <span class='ocr_line' id='line_1_4' title="bbox 5 987 1792 1106; baseline 0.008 -41"><span class='ocrx_word' id='word_1_34' title='bbox 5 991 11 1008; x_wconf 86' lang='lat'>&#39;</span> <span class='ocrx_word' id='word_1_35' title='bbox 57 1006 144 1066; x_wconf 81' lang='lat' dir='ltr'><strong>tres</strong></span> <span class='ocrx_word' id='word_1_36' title='bbox 170 999 385 1087; x_wconf 75' lang='lat' dir='ltr'><strong>sequentes.</strong></span> <span class='ocrx_word' id='word_1_37' title='bbox 436 987 580 1064; x_wconf 82' lang='lat' dir='ltr'><strong>Vltima</strong></span> <span class='ocrx_word' id='word_1_38' title='bbox 606 991 779 1068; x_wconf 90' lang='lat' dir='ltr'><strong>eiusdem</strong></span> <span class='ocrx_word' id='word_1_39' title='bbox 804 997 944 1094; x_wconf 81' lang='lat' dir='ltr'><strong>papyri</strong></span> <span class='ocrx_word' id='word_1_40' title='bbox 969 997 1181 1091; x_wconf 80' lang='lat' dir='ltr'><strong>specimina</strong></span> <span class='ocrx_word' id='word_1_41' title='bbox 1205 999 1297 1073; x_wconf 92' lang='lat' dir='ltr'><strong>vide</strong></span> <span class='ocrx_word' id='word_1_42' title='bbox 1323 998 1414 1074; x_wconf 88' lang='lat' dir='ltr'><strong>Tah.</strong></span> <span class='ocrx_word' id='word_1_43' title='bbox 1430 1002 1477 1076; x_wconf 91' lang='lat' dir='ltr'><strong>X.</strong></span> <span class='ocrx_word' id='word_1_44' title='bbox 1500 1005 1571 1080; x_wconf 89' lang='lat' dir='ltr'><strong>No.</strong></span> <span class='ocrx_word' id='word_1_45' title='bbox 1597 1007 1660 1106; x_wconf 90' lang='lat' dir='ltr'><strong>IV.</strong></span> <span class='ocrx_word' id='word_1_46' title='bbox 1688 1021 1727 1082; x_wconf 90' lang='lat' dir='ltr'><strong>et</strong></span> <span class='ocrx_word' id='word_1_47' title='bbox 1753 1009 1792 1081; x_wconf 92' lang='lat' dir='ltr'><strong>V.</strong></span> 
     </span>
    </p>
   </div>
   <div class='ocr_carea' id='block_1_3' title="bbox 876 1216 1093 1295">
    <p class='ocr_par' dir='ltr' id='par_1_3' title="bbox 876 1216 1093 1295">
     <span class='ocr_line' id='line_1_5' title="bbox 876 1216 1093 1295; baseline 0.009 -5"><span class='ocrx_word' id='word_1_48' title='bbox 876 1216 993 1292; x_wconf 89' lang='lat' dir='ltr'><strong>Tab.</strong></span> <span class='ocrx_word' id='word_1_49' title='bbox 1044 1219 1093 1295; x_wconf 88' lang='lat' dir='ltr'><strong>X.</strong></span> 
     </span>
    </p>
   </div>
   <div class='ocr_carea' id='block_1_4' title="bbox 3 1377 1975 2660">
    <p class='ocr_par' dir='ltr' id='par_1_4' title="bbox 3 1377 1903 1934">
     <span class='ocr_line' id='line_1_6' title="bbox 167 1377 1902 1492; baseline 0.011 -40"><span class='ocrx_word' id='word_1_50' title='bbox 167 1383 238 1462; x_wconf 84' lang='lat' dir='ltr'><strong>No.</strong></span> <span class='ocrx_word' id='word_1_51' title='bbox 264 1380 294 1455; x_wconf 97' lang='lat' dir='ltr'><strong>I.</strong></span> <span class='ocrx_word' id='word_1_52' title='bbox 320 1394 360 1455; x_wconf 88' lang='lat' dir='ltr'><strong>et</strong></span> <span class='ocrx_word' id='word_1_53' title='bbox 386 1377 434 1452; x_wconf 91' lang='lat' dir='ltr'><strong>II.</strong></span> <span class='ocrx_word' id='word_1_54' title='bbox 488 1377 692 1477; x_wconf 81' lang='lat' dir='ltr'><strong>Inscriptio</strong></span> <span class='ocrx_word' id='word_1_55' title='bbox 719 1381 903 1459; x_wconf 86' lang='lat' dir='ltr'><strong>hieratica</strong></span> <span class='ocrx_word' id='word_1_56' title='bbox 927 1387 1070 1460; x_wconf 84' lang='lat' dir='ltr'><strong>fasciae</strong></span> <span class='ocrx_word' id='word_1_57' title='bbox 1093 1388 1274 1484; x_wconf 80' lang='lat' dir='ltr'><strong>byssinae</strong></span> <span class='ocrx_word' id='word_1_58' title='bbox 1297 1392 1397 1465; x_wconf 87' lang='lat' dir='ltr'><strong>sorte</strong></span> <span class='ocrx_word' id='word_1_59' title='bbox 1429 1395 1530 1492; x_wconf 90' lang='lat' dir='ltr'><strong>apud</strong></span> <span class='ocrx_word' id='word_1_60' title='bbox 1563 1399 1744 1470; x_wconf 91' lang='lat' dir='ltr'><strong>mumiam</strong></span> <span class='ocrx_word' id='word_1_61' title='bbox 1770 1399 1902 1471; x_wconf 90' lang='lat' dir='ltr'><strong>inuen-</strong></span> 
     </span>
     <span class='ocr_line' id='line_1_7' title="bbox 62 1497 1901 1640; baseline 0.007 -63"><span class='ocrx_word' id='word_1_62' title='bbox 62 1518 149 1595; x_wconf 82' lang='lat' dir='ltr'><strong>tae,</strong></span> <span class='ocrx_word' id='word_1_63' title='bbox 175 1523 272 1600; x_wconf 86' lang='lat' dir='ltr'><strong>quac</strong></span> <span class='ocrx_word' id='word_1_64' title='bbox 298 1523 349 1574; x_wconf 86' lang='lat' dir='ltr'><strong>ex</strong></span> <span class='ocrx_word' id='word_1_65' title='bbox 364 1499 499 1573; x_wconf 89' lang='lat' dir='ltr'><strong>Museo</strong></span> <span class='ocrx_word' id='word_1_66' title='bbox 520 1497 754 1594; x_wconf 73' lang='lat' dir='ltr'><strong>Aegyptiace</strong></span> <span class='ocrx_word' id='word_1_67' title='bbox 773 1503 890 1597; x_wconf 81' lang='lat' dir='ltr'><strong>RegIo</strong></span> <span class='ocrx_word' id='word_1_68' title='bbox 907 1503 1146 1579; x_wconf 87' lang='lat' dir='ltr'><strong>Berolinensi</strong></span> <span class='ocrx_word' id='word_1_69' title='bbox 1172 1508 1341 1602; x_wconf 82' lang='lat' dir='ltr'><strong>Spohnio</strong></span> <span class='ocrx_word' id='word_1_70' title='bbox 1368 1515 1593 1588; x_wconf 86' lang='lat' dir='ltr'><strong>transmissa</strong></span> <span class='ocrx_word' id='word_1_71' title='bbox 1618 1517 1901 1640; x_wconf 81' lang='lat' dir='ltr'><strong>accuratissime</strong></span> 
     </span>
     <span class='ocr_line' id='line_1_8' title="bbox 66 1609 1903 1729; baseline 0.006 -32.635"><span class='ocrx_word' id='word_1_72' title='bbox 66 1623 108 1696; x_wconf 87' lang='lat' dir='ltr'><strong>ab</strong></span> <span class='ocrx_word' id='word_1_73' title='bbox 128 1645 178 1697; x_wconf 90' lang='lat' dir='ltr'><strong>eo</strong></span> <span class='ocrx_word' id='word_1_74' title='bbox 204 1616 334 1716; x_wconf 89' lang='lat' dir='ltr'><strong>lapide</strong></span> <span class='ocrx_word' id='word_1_75' title='bbox 359 1617 553 1713; x_wconf 87' lang='lat' dir='ltr'><strong>descripta</strong></span> <span class='ocrx_word' id='word_1_76' title='bbox 578 1617 661 1690; x_wconf 82' lang='lat' dir='ltr'><strong>luit.</strong></span> <span class='ocrx_word' id='word_1_77' title='bbox 713 1619 873 1716; x_wconf 87' lang='lat' dir='ltr'><strong>Propter</strong></span> <span class='ocrx_word' id='word_1_78' title='bbox 897 1621 1040 1696; x_wconf 84' lang='lat' dir='ltr'><strong>fasciae</strong></span> <span class='ocrx_word' id='word_1_79' title='bbox 1066 1625 1340 1719; x_wconf 80' lang='lat' dir='ltr'><strong>longitudinem</strong></span> <span class='ocrx_word' id='word_1_80' title='bbox 1364 1627 1461 1703; x_wconf 87' lang='lat' dir='ltr'><strong>duae</strong></span> <span class='ocrx_word' id='word_1_81' title='bbox 1488 1633 1748 1729; x_wconf 89' lang='lat' dir='ltr'><strong>inscriptionis</strong></span> <span class='ocrx_word' id='word_1_82' title='bbox 1774 1609 1903 1729; x_wconf 80' lang='lat' dir='ltr'><strong>peltes</strong></span> 
     </span>
     <span class='ocr_line' id='line_1_9' title="bbox 3 1737 1900 1880; baseline 0.006 -67"><span class='ocrx_word' id='word_1_83' title='bbox 3 1783 7 1870; x_wconf 52' lang='grc' dir='ltr'>ἰ</span> <span class='ocrx_word' id='word_1_84' title='bbox 67 1742 318 1823; x_wconf 76' lang='lat' dir='ltr'><strong>exstiterunt,</strong></span> <span class='ocrx_word' id='word_1_85' title='bbox 342 1757 500 1832; x_wconf 81' lang='lat' dir='ltr'><strong>quarum</strong></span> <span class='ocrx_word' id='word_1_86' title='bbox 523 1737 828 1810; x_wconf 89' lang='lat' dir='ltr'><strong>coniunctionem</strong></span> <span class='ocrx_word' id='word_1_87' title='bbox 851 1738 1054 1880; x_wconf 86' lang='lat' dir='ltr'><strong>lineolae</strong></span> <span class='ocrx_word' id='word_1_88' title='bbox 1041 1767 1083 1816; x_wconf 88' lang='lat' dir='ltr'><strong>rn</strong></span> <span class='ocrx_word' id='word_1_89' title='bbox 1107 1747 1183 1816; x_wconf 87' lang='lat' dir='ltr'><strong>fine</strong></span> <span class='ocrx_word' id='word_1_90' title='bbox 1209 1757 1250 1817; x_wconf 89' lang='lat' dir='ltr'><strong>et</strong></span> <span class='ocrx_word' id='word_1_91' title='bbox 1274 1747 1463 1844; x_wconf 90' lang='lat' dir='ltr'><strong>principio</strong></span> <span class='ocrx_word' id='word_1_92' title='bbox 1488 1751 1686 1823; x_wconf 85' lang='lat' dir='ltr'><strong>ambarum</strong></span> <span class='ocrx_word' id='word_1_93' title='bbox 1708 1754 1900 1845; x_wconf 87' lang='lat' dir='ltr'><strong>virgarum</strong></span> 
     </span>
     <span class='ocr_line' id='line_1_10' title="bbox 3 1861 238 1934; baseline -0.004 -4"><span class='ocrx_word' id='word_1_94' title='bbox 3 1881 4 1904; x_wconf 26' lang='grc' dir='ltr'>ἐ</span> <span class='ocrx_word' id='word_1_95' title='bbox 65 1861 238 1934; x_wconf 88' lang='lat' dir='ltr'><strong>innuunt.</strong></span> 
     </span>
    </p>

    <p class='ocr_par' dir='ltr' id='par_1_5' title="bbox 64 1959 1975 2170">
     <span class='ocr_line' id='line_1_11' title="bbox 165 1959 1975 2074; baseline 0.006 -26.223"><span class='ocrx_word' id='word_1_96' title='bbox 165 1959 330 2052; x_wconf 94' lang='lat' dir='ltr'><strong>No..lll</strong></span> <span class='ocrx_word' id='word_1_97' title='bbox 377 1969 578 2066; x_wconf 83' lang='lat' dir='ltr'><strong>inscriptio</strong></span> <span class='ocrx_word' id='word_1_98' title='bbox 603 1971 745 2044; x_wconf 82' lang='lat' dir='ltr'><strong>fasciae</strong></span> <span class='ocrx_word' id='word_1_99' title='bbox 773 1970 956 2048; x_wconf 90' lang='lat' dir='ltr'><strong>hieratica</strong></span> <span class='ocrx_word' id='word_1_100' title='bbox 987 1975 1159 2052; x_wconf 91' lang='lat' dir='ltr'><strong>eiusdem</strong></span> <span class='ocrx_word' id='word_1_101' title='bbox 1192 1991 1351 2054; x_wconf 88' lang='lat' dir='ltr'><strong>naturae</strong></span> <span class='ocrx_word' id='word_1_102' title='bbox 1379 1994 1418 2053; x_wconf 90' lang='lat' dir='ltr'><strong>et</strong></span> <span class='ocrx_word' id='word_1_103' title='bbox 1442 1982 1605 2074; x_wconf 83' lang='lat' dir='ltr'><strong>Indolis,</strong></span> <span class='ocrx_word' id='word_1_104' title='bbox 1639 1984 1737 2058; x_wconf 86' lang='lat' dir='ltr'><strong>lorta</strong></span> <span class='ocrx_word' id='word_1_105' title='bbox 1762 1985 1899 2058; x_wconf 88' lang='lat' dir='ltr'><strong>eadem</strong></span> <span class='ocrx_word' id='word_1_106' title='bbox 1973 1975 1975 1980; x_wconf 67' lang='grc'><strong>’</strong></span> 
     </span>
     <span class='ocr_line' id='line_1_12' title="bbox 64 2088 914 2180; baseline -0.004 -14"><span class='ocrx_word' id='word_1_107' title='bbox 64 2090 112 2166; x_wconf 86' lang='lat' dir='ltr'><strong>de</strong></span> <span class='ocrx_word' id='word_1_108' title='bbox 136 2093 281 2170; x_wconf 88' lang='lat' dir='ltr'><strong>mumia</strong></span> <span class='ocrx_word' id='word_1_109' title='bbox 307 2088 501 2180; x_wconf 83' lang='lat' dir='ltr'><strong>detracta,</strong></span> <span class='ocrx_word' id='word_1_110' title='bbox 527 2111 581 2162; x_wconf 80' lang='lat' dir='ltr'><strong>ex</strong></span> <span class='ocrx_word' id='word_1_111' title='bbox 605 2089 744 2162; x_wconf 90' lang='lat' dir='ltr'><strong>eodem</strong></span> <span class='ocrx_word' id='word_1_112' title='bbox 769 2089 914 2164; x_wconf 89' lang='lat' dir='ltr'><strong>Museo.</strong></span> 
     </span>
    </p>

    <p class='ocr_par' dir='ltr' id='par_1_6' title="bbox 56 2159 1898 2427">
     <span class='ocr_line' id='line_1_13' title="bbox 163 2159 1898 2315; baseline 0.006 -33"><span class='ocrx_word' id='word_1_113' title='bbox 163 2211 233 2288; x_wconf 91' lang='lat' dir='ltr'><strong>No.</strong></span> <span class='ocrx_word' id='word_1_114' title='bbox 256 2209 319 2281; x_wconf 96' lang='lat' dir='ltr'><strong>lV.</strong></span> <span class='ocrx_word' id='word_1_115' title='bbox 345 2219 385 2280; x_wconf 89' lang='lat' dir='ltr'><strong>et</strong></span> <span class='ocrx_word' id='word_1_116' title='bbox 410 2207 454 2280; x_wconf 91' lang='lat' dir='ltr'><strong>V.</strong></span> <span class='ocrx_word' id='word_1_117' title='bbox 506 2208 725 2303; x_wconf 88' lang='lat' dir='ltr'><strong>Specirnina</strong></span> <span class='ocrx_word' id='word_1_118' title='bbox 747 2207 883 2283; x_wconf 91' lang='lat' dir='ltr'><strong>vltima</strong></span> <span class='ocrx_word' id='word_1_119' title='bbox 902 2211 1060 2310; x_wconf 90' lang='lat' dir='ltr'><strong>papyri</strong></span> <span class='ocrx_word' id='word_1_120' title='bbox 1064 2210 1271 2286; x_wconf 88' lang='lat' dir='ltr'><strong>hieraticae</strong></span> <span class='ocrx_word' id='word_1_121' title='bbox 1297 2237 1351 2288; x_wconf 86' lang='lat' dir='ltr'><strong>ex</strong></span> <span class='ocrx_word' id='word_1_122' title='bbox 1375 2159 1509 2288; x_wconf 88' lang='lat' dir='ltr'><strong>Museo</strong></span> <span class='ocrx_word' id='word_1_123' title='bbox 1538 2217 1731 2315; x_wconf 89' lang='lat' dir='ltr'><strong>imperiali</strong></span> <span class='ocrx_word' id='word_1_124' title='bbox 1756 2219 1898 2294; x_wconf 86' lang='lat' dir='ltr'><strong>Vindo-</strong></span> 
     </span>
     <span class='ocr_line' id='line_1_14' title="bbox 56 2323 1815 2427; baseline 0.006 -26"><span class='ocrx_word' id='word_1_125' title='bbox 56 2323 220 2408; x_wconf 85' lang='lat' dir='ltr'><strong>honensi</strong></span> <span class='ocrx_word' id='word_1_126' title='bbox 247 2325 296 2400; x_wconf 86' lang='lat' dir='ltr'><strong>ab</strong></span> <span class='ocrx_word' id='word_1_127' title='bbox 321 2323 531 2399; x_wconf 87' lang='lat' dir='ltr'><strong>Hammero</strong></span> <span class='ocrx_word' id='word_1_128' title='bbox 557 2335 597 2396; x_wconf 89' lang='lat' dir='ltr'><strong>et</strong></span> <span class='ocrx_word' id='word_1_129' title='bbox 620 2324 795 2398; x_wconf 85' lang='lat' dir='ltr'><strong>Fontana</strong></span> <span class='ocrx_word' id='word_1_130' title='bbox 817 2327 955 2400; x_wconf 88' lang='lat' dir='ltr'><strong>editae.</strong></span> <span class='ocrx_word' id='word_1_131' title='bbox 1004 2328 1102 2402; x_wconf 88' lang='lat' dir='ltr'><strong>Vide</strong></span> <span class='ocrx_word' id='word_1_132' title='bbox 1125 2352 1240 2427; x_wconf 89' lang='lat' dir='ltr'><strong>supra</strong></span> <span class='ocrx_word' id='word_1_133' title='bbox 1265 2331 1534 2407; x_wconf 87' lang='lat' dir='ltr'><strong>adnotationes</strong></span> <span class='ocrx_word' id='word_1_134' title='bbox 1558 2335 1608 2407; x_wconf 93' lang='lat' dir='ltr'><strong>ad</strong></span> <span class='ocrx_word' id='word_1_135' title='bbox 1632 2335 1724 2409; x_wconf 86' lang='lat' dir='ltr'><strong>Tab.</strong></span> <span class='ocrx_word' id='word_1_136' title='bbox 1749 2339 1815 2412; x_wconf 95' lang='lat' dir='ltr'><strong>lX.</strong></span> 
     </span>
    </p>

    <p class='ocr_par' dir='ltr' id='par_1_7' title="bbox 50 2442 1896 2660">
     <span class='ocr_line' id='line_1_15' title="bbox 163 2442 1896 2551; baseline 0.003 -29"><span class='ocrx_word' id='word_1_137' title='bbox 163 2449 222 2523; x_wconf 90' lang='lat' dir='ltr'><strong>De</strong></span> <span class='ocrx_word' id='word_1_138' title='bbox 245 2445 307 2517; x_wconf 88' lang='lat' dir='ltr'><strong>his</strong></span> <span class='ocrx_word' id='word_1_139' title='bbox 333 2443 453 2516; x_wconf 89' lang='lat' dir='ltr'><strong>titulis</strong></span> <span class='ocrx_word' id='word_1_140' title='bbox 474 2442 571 2514; x_wconf 91' lang='lat' dir='ltr'><strong>nihil</strong></span> <span class='ocrx_word' id='word_1_141' title='bbox 596 2443 783 2538; x_wconf 86' lang='lat' dir='ltr'><strong>explicuit</strong></span> <span class='ocrx_word' id='word_1_142' title='bbox 799 2445 1008 2541; x_wconf 84' lang='lat' dir='ltr'><strong>Spohnius,</strong></span> <span class='ocrx_word' id='word_1_143' title='bbox 1032 2460 1155 2521; x_wconf 90' lang='lat' dir='ltr'><strong>morte</strong></span> <span class='ocrx_word' id='word_1_144' title='bbox 1176 2463 1418 2545; x_wconf 89' lang='lat' dir='ltr'><strong>praeuentus.</strong></span> <span class='ocrx_word' id='word_1_145' title='bbox 1470 2449 1647 2526; x_wconf 87' lang='lat' dir='ltr'><strong>Ceterum</strong></span> <span class='ocrx_word' id='word_1_146' title='bbox 1664 2467 1823 2551; x_wconf 80' lang='lat' dir='ltr'><strong>vereque</strong></span> <span class='ocrx_word' id='word_1_147' title='bbox 1842 2468 1896 2528; x_wconf 89' lang='lat' dir='ltr'><strong>ta-</strong></span> 
     </span>
     <span class='ocr_line' id='line_1_16' title="bbox 50 2553 1476 2660; baseline 0.009 -31"><span class='ocrx_word' id='word_1_148' title='bbox 50 2553 172 2660; x_wconf 84' lang='lat' dir='ltr'><strong>bula,</strong></span> <span class='ocrx_word' id='word_1_149' title='bbox 197 2575 238 2642; x_wconf 92' lang='lat' dir='ltr'><strong>et</strong></span> <span class='ocrx_word' id='word_1_150' title='bbox 262 2563 310 2638; x_wconf 91' lang='lat' dir='ltr'><strong>X.</strong></span> <span class='ocrx_word' id='word_1_151' title='bbox 331 2572 372 2635; x_wconf 91' lang='lat' dir='ltr'><strong>et</strong></span> <span class='ocrx_word' id='word_1_152' title='bbox 394 2560 460 2636; x_wconf 93' lang='lat' dir='ltr'><strong>lX.</strong></span> <span class='ocrx_word' id='word_1_153' title='bbox 486 2583 510 2633; x_wconf 85' lang='lat' dir='ltr'><strong>a</strong></span> <span class='ocrx_word' id='word_1_154' title='bbox 532 2559 705 2657; x_wconf 82' lang='lat' dir='ltr'><strong>Spohnio</strong></span> <span class='ocrx_word' id='word_1_155' title='bbox 728 2561 925 2655; x_wconf 83' lang='lat' dir='ltr'><strong>inchoata,</strong></span> <span class='ocrx_word' id='word_1_156' title='bbox 950 2563 1044 2636; x_wconf 92' lang='lat' dir='ltr'><strong>mihi</strong></span> <span class='ocrx_word' id='word_1_157' title='bbox 1070 2568 1303 2660; x_wconf 87' lang='lat' dir='ltr'><strong>perficienda</strong></span> <span class='ocrx_word' id='word_1_158' title='bbox 1325 2571 1476 2642; x_wconf 88' lang='lat' dir='ltr'><strong>mansit.</strong></span> 
     </span>
    </p>
   </div>
   <div class='ocr_carea' id='block_1_5' title="bbox 850 2793 1094 2871">
    <p class='ocr_par' dir='ltr' id='par_1_8' title="bbox 850 2793 1094 2871">
     <span class='ocr_line' id='line_1_17' title="bbox 850 2793 1094 2871; baseline -0.004 -2"><span class='ocrx_word' id='word_1_159' title='bbox 850 2793 970 2869; x_wconf 78' lang='lat' dir='ltr'><strong>ren</strong></span> <span class='ocrx_word' id='word_1_160' title='bbox 1020 2794 1094 2871; x_wconf 86' lang='lat' dir='ltr'><strong>XI</strong></span> 
     </span>
    </p>
   </div>
   <div class='ocr_carea' id='block_1_6' title="bbox 36 2961 1946 5067">
    <p class='ocr_par' dir='ltr' id='par_1_9' title="bbox 36 2961 1946 4948">
     <span class='ocr_line' id='line_1_18' title="bbox 162 2961 1897 3061; baseline 0.003 -24"><span class='ocrx_word' id='word_1_161' title='bbox 162 2965 233 3044; x_wconf 87' lang='lat' dir='ltr'><strong>No.</strong></span> <span class='ocrx_word' id='word_1_162' title='bbox 249 2963 279 3038; x_wconf 92' lang='lat' dir='ltr'><strong>l.</strong></span> <span class='ocrx_word' id='word_1_163' title='bbox 329 2961 531 3060; x_wconf 89' lang='lat' dir='ltr'><strong>Inscriptio</strong></span> <span class='ocrx_word' id='word_1_164' title='bbox 543 2963 751 3036; x_wconf 87' lang='lat' dir='ltr'><strong>Rosettana</strong></span> <span class='ocrx_word' id='word_1_165' title='bbox 773 2961 1058 3060; x_wconf 80' lang='lat' dir='ltr'><strong>hieroglyphice</strong></span> <span class='ocrx_word' id='word_1_166' title='bbox 1071 2961 1121 3036; x_wconf 90' lang='lat' dir='ltr'><strong>ad</strong></span> <span class='ocrx_word' id='word_1_167' title='bbox 1134 2965 1356 3061; x_wconf 80' lang='lat' dir='ltr'><strong>exemplum</strong></span> <span class='ocrx_word' id='word_1_168' title='bbox 1370 2964 1633 3044; x_wconf 87' lang='lat' dir='ltr'><strong>Monachicum</strong></span> <span class='ocrx_word' id='word_1_169' title='bbox 1649 2992 1793 3046; x_wconf 87' lang='lat' dir='ltr'><strong>excusa</strong></span> <span class='ocrx_word' id='word_1_170' title='bbox 1811 2991 1897 3043; x_wconf 88' lang='lat' dir='ltr'><strong>cum</strong></span> 
     </span>
     <span class='ocr_line' id='line_1_19' title="bbox 42 3079 1894 3180; baseline 0.006 -32"><span class='ocrx_word' id='word_1_171' title='bbox 42 3088 162 3159; x_wconf 87' lang='lat' dir='ltr'><strong>notis</strong></span> <span class='ocrx_word' id='word_1_172' title='bbox 176 3081 337 3180; x_wconf 88' lang='lat' dir='ltr'><strong>Spohnii</strong></span> <span class='ocrx_word' id='word_1_173' title='bbox 362 3081 641 3178; x_wconf 89' lang='lat' dir='ltr'><strong>manuscriptis.</strong></span> <span class='ocrx_word' id='word_1_174' title='bbox 693 3079 929 3176; x_wconf 78' lang='lat' dir='ltr'><strong>Quamquam</strong></span> <span class='ocrx_word' id='word_1_175' title='bbox 950 3079 1081 3152; x_wconf 79' lang='lat' dir='ltr'><strong>heatus</strong></span> <span class='ocrx_word' id='word_1_176' title='bbox 1099 3081 1291 3176; x_wconf 84' lang='lat' dir='ltr'><strong>Spohnius</strong></span> <span class='ocrx_word' id='word_1_177' title='bbox 1308 3085 1506 3180; x_wconf 78' lang='lat' dir='ltr'><strong>professus</strong></span> <span class='ocrx_word' id='word_1_178' title='bbox 1526 3098 1604 3176; x_wconf 91' lang='lat' dir='ltr'><strong>est,</strong></span> <span class='ocrx_word' id='word_1_179' title='bbox 1629 3110 1670 3158; x_wconf 92' lang='lat' dir='ltr'><strong>se</strong></span> <span class='ocrx_word' id='word_1_180' title='bbox 1696 3088 1791 3161; x_wconf 94' lang='lat' dir='ltr'><strong>nihil</strong></span> <span class='ocrx_word' id='word_1_181' title='bbox 1812 3090 1894 3160; x_wconf 87' lang='lat' dir='ltr'><strong>fero</strong></span> 
     </span>
     <span class='ocr_line' id='line_1_20' title="bbox 45 3189 1896 3300; baseline 0.002 -28"><span class='ocrx_word' id='word_1_182' title='bbox 45 3189 107 3272; x_wconf 75' lang='lat' dir='ltr'><strong>(le</strong></span> <span class='ocrx_word' id='word_1_183' title='bbox 136 3204 260 3276; x_wconf 89' lang='lat' dir='ltr'><strong>literis</strong></span> <span class='ocrx_word' id='word_1_184' title='bbox 288 3211 462 3276; x_wconf 88' lang='lat' dir='ltr'><strong>veterum</strong></span> <span class='ocrx_word' id='word_1_185' title='bbox 488 3198 765 3294; x_wconf 80' lang='lat' dir='ltr'><strong>Aegyptiorum</strong></span> <span class='ocrx_word' id='word_1_186' title='bbox 796 3195 1090 3294; x_wconf 88' lang='lat' dir='ltr'><strong>hieroglyphieis</strong></span> <span class='ocrx_word' id='word_1_187' title='bbox 1122 3197 1340 3291; x_wconf 90' lang='lat' dir='ltr'><strong>inuenisse,</strong></span> <span class='ocrx_word' id='word_1_188' title='bbox 1380 3225 1505 3300; x_wconf 91' lang='lat' dir='ltr'><strong>neque</strong></span> <span class='ocrx_word' id='word_1_189' title='bbox 1530 3206 1571 3276; x_wconf 89' lang='lat' dir='ltr'><strong>irr</strong></span> <span class='ocrx_word' id='word_1_190' title='bbox 1597 3206 1725 3276; x_wconf 92' lang='lat' dir='ltr'><strong>animo</strong></span> <span class='ocrx_word' id='word_1_191' title='bbox 1753 3205 1896 3294; x_wconf 90' lang='lat' dir='ltr'><strong>hahuit,</strong></span> 
     </span>
     <span class='ocr_line' id='line_1_21' title="bbox 45 3304 1894 3418; baseline 0.004 -32"><span class='ocrx_word' id='word_1_192' title='bbox 45 3304 133 3397; x_wconf 87' lang='lat' dir='ltr'><strong>hoc</strong></span> <span class='ocrx_word' id='word_1_193' title='bbox 154 3323 197 3394; x_wconf 93' lang='lat' dir='ltr'><strong>in</strong></span> <span class='ocrx_word' id='word_1_194' title='bbox 226 3342 361 3414; x_wconf 89' lang='lat' dir='ltr'><strong>opere,</strong></span> <span class='ocrx_word' id='word_1_195' title='bbox 392 3329 437 3392; x_wconf 93' lang='lat' dir='ltr'><strong>vt</strong></span> <span class='ocrx_word' id='word_1_196' title='bbox 467 3316 599 3390; x_wconf 90' lang='lat' dir='ltr'><strong>titulus</strong></span> <span class='ocrx_word' id='word_1_197' title='bbox 630 3317 840 3414; x_wconf 86' lang='lat' dir='ltr'><strong>literaeque</strong></span> <span class='ocrx_word' id='word_1_198' title='bbox 875 3317 1036 3411; x_wconf 86' lang='lat' dir='ltr'><strong>Spohnii</strong></span> <span class='ocrx_word' id='word_1_199' title='bbox 1072 3314 1212 3388; x_wconf 88' lang='lat' dir='ltr'><strong>docent</strong></span> <span class='ocrx_word' id='word_1_200' title='bbox 1245 3315 1347 3411; x_wconf 93' lang='lat' dir='ltr'><strong>(Vid.</strong></span> <span class='ocrx_word' id='word_1_201' title='bbox 1372 3319 1561 3396; x_wconf 90' lang='lat' dir='ltr'><strong>Memoria</strong></span> <span class='ocrx_word' id='word_1_202' title='bbox 1586 3322 1727 3418; x_wconf 82' lang='lat' dir='ltr'><strong>Spohn.</strong></span> <span class='ocrx_word' id='word_1_203' title='bbox 1753 3344 1789 3418; x_wconf 91' lang='lat' dir='ltr'><strong>p.</strong></span> <span class='ocrx_word' id='word_1_204' title='bbox 1813 3323 1894 3413; x_wconf 78' lang='lat'><strong>28),</strong></span> 
     </span>
     <span class='ocr_line' id='line_1_22' title="bbox 48 3421 1895 3542; baseline 0.004 -37"><span class='ocrx_word' id='word_1_205' title='bbox 48 3421 132 3514; x_wconf 84' lang='lat' dir='ltr'><strong>lroc</strong></span> <span class='ocrx_word' id='word_1_206' title='bbox 154 3439 351 3512; x_wconf 89' lang='lat' dir='ltr'><strong>literarum</strong></span> <span class='ocrx_word' id='word_1_207' title='bbox 372 3441 491 3530; x_wconf 87' lang='lat' dir='ltr'><strong>genus</strong></span> <span class='ocrx_word' id='word_1_208' title='bbox 515 3445 771 3532; x_wconf 84' lang='lat' dir='ltr'><strong>pertractare3</strong></span> <span class='ocrx_word' id='word_1_209' title='bbox 799 3431 918 3506; x_wconf 89' lang='lat' dir='ltr'><strong>incidi</strong></span> <span class='ocrx_word' id='word_1_210' title='bbox 945 3447 1073 3506; x_wconf 88' lang='lat' dir='ltr'><strong>tamen</strong></span> <span class='ocrx_word' id='word_1_211' title='bbox 1098 3435 1140 3506; x_wconf 91' lang='lat' dir='ltr'><strong>in</strong></span> <span class='ocrx_word' id='word_1_212' title='bbox 1165 3431 1263 3507; x_wconf 90' lang='lat' dir='ltr'><strong>hanc</strong></span> <span class='ocrx_word' id='word_1_213' title='bbox 1285 3437 1472 3542; x_wconf 82' lang='lat' dir='ltr'><strong>tabulam,</strong></span> <span class='ocrx_word' id='word_1_214' title='bbox 1500 3463 1553 3513; x_wconf 87' lang='lat' dir='ltr'><strong>ex</strong></span> <span class='ocrx_word' id='word_1_215' title='bbox 1569 3464 1643 3537; x_wconf 93' lang='lat' dir='ltr'><strong>qua</strong></span> <span class='ocrx_word' id='word_1_216' title='bbox 1660 3453 1784 3536; x_wconf 86' lang='lat' dir='ltr'><strong>patet,</strong></span> <span class='ocrx_word' id='word_1_217' title='bbox 1806 3464 1895 3537; x_wconf 91' lang='lat' dir='ltr'><strong>qua·</strong></span> 
     </span>
     <span class='ocr_line' id='line_1_23' title="bbox 57 3548 1896 3656; baseline 0 -26"><span class='ocrx_word' id='word_1_218' title='bbox 57 3557 171 3634; x_wconf 77' lang='lat' dir='ltr'><strong>tenus</strong></span> <span class='ocrx_word' id='word_1_219' title='bbox 196 3555 443 3656; x_wconf 90' lang='lat' dir='ltr'><strong>processerit,</strong></span> <span class='ocrx_word' id='word_1_220' title='bbox 470 3575 657 3650; x_wconf 89' lang='lat' dir='ltr'><strong>quamque</strong></span> <span class='ocrx_word' id='word_1_221' title='bbox 683 3553 815 3649; x_wconf 91' lang='lat' dir='ltr'><strong>paucis</strong></span> <span class='ocrx_word' id='word_1_222' title='bbox 837 3552 1028 3624; x_wconf 87' lang='lat' dir='ltr'><strong>iilustrare</strong></span> <span class='ocrx_word' id='word_1_223' title='bbox 1053 3548 1210 3626; x_wconf 85' lang='lat' dir='ltr'><strong>iuuabit.</strong></span> <span class='ocrx_word' id='word_1_224' title='bbox 1269 3553 1495 3650; x_wconf 87' lang='lat' dir='ltr'><strong>Figurarum</strong></span> <span class='ocrx_word' id='word_1_225' title='bbox 1524 3558 1749 3654; x_wconf 81' lang='lat' dir='ltr'><strong>complexus</strong></span> <span class='ocrx_word' id='word_1_226' title='bbox 1778 3558 1896 3631; x_wconf 85' lang='lat' dir='ltr'><strong>ilneo-</strong></span> 
     </span>
     <span class='ocr_line' id='line_1_24' title="bbox 60 3664 1894 3780; baseline 0 -34"><span class='ocrx_word' id='word_1_227' title='bbox 60 3664 109 3749; x_wconf 89' lang='lat' dir='ltr'><strong>lis</strong></span> <span class='ocrx_word' id='word_1_228' title='bbox 131 3672 392 3770; x_wconf 89' lang='lat' dir='ltr'><strong>circumsepti,</strong></span> <span class='ocrx_word' id='word_1_229' title='bbox 426 3687 513 3744; x_wconf 91' lang='lat' dir='ltr'><strong>sunt</strong></span> <span class='ocrx_word' id='word_1_230' title='bbox 538 3668 723 3746; x_wconf 89' lang='lat' dir='ltr'><strong>vocabula</strong></span> <span class='ocrx_word' id='word_1_231' title='bbox 755 3670 838 3742; x_wconf 89' lang='lat' dir='ltr'><strong>siue</strong></span> <span class='ocrx_word' id='word_1_232' title='bbox 870 3671 1047 3741; x_wconf 89' lang='lat' dir='ltr'><strong>notiones</strong></span> <span class='ocrx_word' id='word_1_233' title='bbox 1072 3667 1158 3764; x_wconf 89' lang='lat' dir='ltr'><strong>plus</strong></span> <span class='ocrx_word' id='word_1_234' title='bbox 1191 3671 1311 3744; x_wconf 89' lang='lat' dir='ltr'><strong>semel</strong></span> <span class='ocrx_word' id='word_1_235' title='bbox 1340 3676 1578 3746; x_wconf 88' lang='lat' dir='ltr'><strong>occurrentia</strong></span> <span class='ocrx_word' id='word_1_236' title='bbox 1606 3688 1719 3780; x_wconf 83' lang='lat' dir='ltr'><strong>atque</strong></span> <span class='ocrx_word' id='word_1_237' title='bbox 1745 3676 1894 3747; x_wconf 90' lang='lat' dir='ltr'><strong>numeri</strong></span> 
     </span>
     <span class='ocr_line' id='line_1_25' title="bbox 64 3786 1894 3887; baseline -0.004 -18"><span class='ocrx_word' id='word_1_238' title='bbox 64 3789 110 3869; x_wconf 83' lang='lat' dir='ltr'><strong>iis</strong></span> <span class='ocrx_word' id='word_1_239' title='bbox 130 3790 314 3885; x_wconf 84' lang='lat' dir='ltr'><strong>adscripti</strong></span> <span class='ocrx_word' id='word_1_240' title='bbox 335 3789 485 3880; x_wconf 85' lang='lat' dir='ltr'><strong>varios,</strong></span> <span class='ocrx_word' id='word_1_241' title='bbox 517 3788 653 3887; x_wconf 91' lang='lat' dir='ltr'><strong>quihus</strong></span> <span class='ocrx_word' id='word_1_242' title='bbox 676 3800 872 3861; x_wconf 87' lang='lat' dir='ltr'><strong>recurrant</strong></span> <span class='ocrx_word' id='word_1_243' title='bbox 897 3786 1033 3860; x_wconf 90' lang='lat' dir='ltr'><strong>eadem</strong></span> <span class='ocrx_word' id='word_1_244' title='bbox 1061 3786 1268 3878; x_wconf 87' lang='lat' dir='ltr'><strong>vocabula,</strong></span> <span class='ocrx_word' id='word_1_245' title='bbox 1302 3813 1438 3863; x_wconf 89' lang='lat' dir='ltr'><strong>versus</strong></span> <span class='ocrx_word' id='word_1_246' title='bbox 1463 3792 1685 3885; x_wconf 88' lang='lat' dir='ltr'><strong>significant.</strong></span> <span class='ocrx_word' id='word_1_247' title='bbox 1736 3792 1894 3866; x_wconf 91' lang='lat' dir='ltr'><strong>Numeri</strong></span> 
     </span>
     <span class='ocr_line' id='line_1_26' title="bbox 62 3905 1895 4005; baseline -0.005 -16"><span class='ocrx_word' id='word_1_248' title='bbox 62 3912 235 3990; x_wconf 85' lang='lat' dir='ltr'><strong>versibus</strong></span> <span class='ocrx_word' id='word_1_249' title='bbox 259 3907 449 4003; x_wconf 86' lang='lat' dir='ltr'><strong>impositi,</strong></span> <span class='ocrx_word' id='word_1_250' title='bbox 473 3908 617 4004; x_wconf 91' lang='lat' dir='ltr'><strong>passim</strong></span> <span class='ocrx_word' id='word_1_251' title='bbox 643 3929 725 3978; x_wconf 90' lang='lat' dir='ltr'><strong>cum</strong></span> <span class='ocrx_word' id='word_1_252' title='bbox 754 3905 891 3978; x_wconf 88' lang='lat' dir='ltr'><strong>literis:</strong></span> <span class='ocrx_word' id='word_1_253' title='bbox 917 3907 1021 3994; x_wconf 81' lang='lat' dir='ltr'><strong>init,</strong></span> <span class='ocrx_word' id='word_1_254' title='bbox 1042 3905 1105 3976; x_wconf 88' lang='lat' dir='ltr'><strong>fin.</strong></span> <span class='ocrx_word' id='word_1_255' title='bbox 1136 3907 1346 3997; x_wconf 91' lang='lat' dir='ltr'><strong>coniuncti,</strong></span> <span class='ocrx_word' id='word_1_256' title='bbox 1383 3905 1585 4002; x_wconf 88' lang='lat' dir='ltr'><strong>designant</strong></span> <span class='ocrx_word' id='word_1_257' title='bbox 1610 3932 1656 3982; x_wconf 90' lang='lat' dir='ltr'><strong>ea</strong></span> <span class='ocrx_word' id='word_1_258' title='bbox 1680 3911 1895 4005; x_wconf 89' lang='lat' dir='ltr'><strong>inscriptio-</strong></span> 
     </span>
     <span class='ocr_line' id='line_1_27' title="bbox 61 4020 1893 4124; baseline -0.005 -17"><span class='ocrx_word' id='word_1_259' title='bbox 61 4031 119 4106; x_wconf 88' lang='lat' dir='ltr'><strong>nis</strong></span> <span class='ocrx_word' id='word_1_260' title='bbox 137 4023 447 4123; x_wconf 89' lang='lat' dir='ltr'><strong>hieroglyphicae</strong></span> <span class='ocrx_word' id='word_1_261' title='bbox 467 4025 569 4116; x_wconf 90' lang='lat' dir='ltr'><strong>loca,</strong></span> <span class='ocrx_word' id='word_1_262' title='bbox 597 4024 733 4121; x_wconf 91' lang='lat' dir='ltr'><strong>quibus</strong></span> <span class='ocrx_word' id='word_1_263' title='bbox 752 4021 962 4096; x_wconf 89' lang='lat' dir='ltr'><strong>demoticae</strong></span> <span class='ocrx_word' id='word_1_264' title='bbox 985 4020 1172 4098; x_wconf 88' lang='lat' dir='ltr'><strong>vocabula</strong></span> <span class='ocrx_word' id='word_1_265' title='bbox 1195 4024 1402 4120; x_wconf 88' lang='lat' dir='ltr'><strong>incipiunt;</strong></span> <span class='ocrx_word' id='word_1_266' title='bbox 1436 4049 1594 4121; x_wconf 92' lang='lat' dir='ltr'><strong>quorum</strong></span> <span class='ocrx_word' id='word_1_267' title='bbox 1620 4026 1774 4124; x_wconf 93' lang='lat' dir='ltr'><strong>quidem</strong></span> <span class='ocrx_word' id='word_1_268' title='bbox 1800 4025 1893 4099; x_wconf 94' lang='lat' dir='ltr'><strong>ordo</strong></span> 
     </span>
     <span class='ocr_line' id='line_1_28' title="bbox 36 4141 1895 4248; baseline -0.001 -30"><span class='ocrx_word' id='word_1_269' title='bbox 36 4149 259 4248; x_wconf 76' lang='lat' dir='ltr'><strong>‚aliquoties</strong></span> <span class='ocrx_word' id='word_1_270' title='bbox 279 4145 437 4240; x_wconf 89' lang='lat' dir='ltr'><strong>reliquis</strong></span> <span class='ocrx_word' id='word_1_271' title='bbox 459 4145 630 4216; x_wconf 89' lang='lat' dir='ltr'><strong>numeris</strong></span> <span class='ocrx_word' id='word_1_272' title='bbox 656 4141 858 4238; x_wconf 89' lang='lat' dir='ltr'><strong>adscriptis</strong></span> <span class='ocrx_word' id='word_1_273' title='bbox 883 4141 1085 4231; x_wconf 88' lang='lat' dir='ltr'><strong>indicatur,</strong></span> <span class='ocrx_word' id='word_1_274' title='bbox 1109 4143 1165 4213; x_wconf 89' lang='lat' dir='ltr'><strong>ita</strong></span> <span class='ocrx_word' id='word_1_275' title='bbox 1184 4153 1230 4217; x_wconf 88' lang='lat' dir='ltr'><strong>vt</strong></span> <span class='ocrx_word' id='word_1_276' title='bbox 1253 4145 1363 4232; x_wconf 90' lang='lat' dir='ltr'><strong>scias,</strong></span> <span class='ocrx_word' id='word_1_277' title='bbox 1390 4166 1486 4240; x_wconf 88' lang='lat' dir='ltr'><strong>quae</strong></span> <span class='ocrx_word' id='word_1_278' title='bbox 1502 4145 1686 4220; x_wconf 88' lang='lat' dir='ltr'><strong>vocabula</strong></span> <span class='ocrx_word' id='word_1_279' title='bbox 1705 4145 1895 4218; x_wconf 91' lang='lat' dir='ltr'><strong>demotica</strong></span> 
     </span>
     <span class='ocr_line' id='line_1_29' title="bbox 55 4258 1895 4361; baseline -0.004 -19"><span class='ocrx_word' id='word_1_280' title='bbox 55 4269 134 4342; x_wconf 89' lang='lat' dir='ltr'><strong>iarn</strong></span> <span class='ocrx_word' id='word_1_281' title='bbox 165 4264 360 4361; x_wconf 82' lang='lat' dir='ltr'><strong>explicata</strong></span> <span class='ocrx_word' id='word_1_282' title='bbox 384 4261 448 4337; x_wconf 89' lang='lat' dir='ltr'><strong>vel</strong></span> <span class='ocrx_word' id='word_1_283' title='bbox 475 4281 611 4356; x_wconf 87' lang='lat' dir='ltr'><strong>graeca</strong></span> <span class='ocrx_word' id='word_1_284' title='bbox 643 4258 937 4356; x_wconf 90' lang='lat' dir='ltr'><strong>hieroglyphicis</strong></span> <span class='ocrx_word' id='word_1_285' title='bbox 968 4258 1238 4356; x_wconf 90' lang='lat' dir='ltr'><strong>respondeant.</strong></span> <span class='ocrx_word' id='word_1_286' title='bbox 1298 4261 1493 4335; x_wconf 91' lang='lat' dir='ltr'><strong>Vocabula</strong></span> <span class='ocrx_word' id='word_1_287' title='bbox 1525 4286 1659 4359; x_wconf 89' lang='lat' dir='ltr'><strong>graeca</strong></span> <span class='ocrx_word' id='word_1_288' title='bbox 1696 4276 1735 4336; x_wconf 93' lang='lat' dir='ltr'><strong>et</strong></span> <span class='ocrx_word' id='word_1_289' title='bbox 1775 4263 1895 4335; x_wconf 93' lang='lat' dir='ltr'><strong>latina</strong></span> 
     </span>
     <span class='ocr_line' id='line_1_30' title="bbox 54 4377 1895 4481; baseline -0.005 -19"><span class='ocrx_word' id='word_1_290' title='bbox 54 4384 225 4481; x_wconf 74' lang='lat' dir='ltr'><strong>syzygiis</strong></span> <span class='ocrx_word' id='word_1_291' title='bbox 247 4381 327 4454; x_wconf 79' lang='lat' dir='ltr'><strong>ilus</strong></span> <span class='ocrx_word' id='word_1_292' title='bbox 352 4378 646 4478; x_wconf 89' lang='lat' dir='ltr'><strong>hieroglyphicis</strong></span> <span class='ocrx_word' id='word_1_293' title='bbox 677 4379 859 4475; x_wconf 90' lang='lat' dir='ltr'><strong>imposita</strong></span> <span class='ocrx_word' id='word_1_294' title='bbox 885 4377 1024 4451; x_wconf 91' lang='lat' dir='ltr'><strong>docent</strong></span> <span class='ocrx_word' id='word_1_295' title='bbox 1054 4400 1184 4451; x_wconf 89' lang='lat' dir='ltr'><strong>earum</strong></span> <span class='ocrx_word' id='word_1_296' title='bbox 1209 4391 1438 4474; x_wconf 90' lang='lat' dir='ltr'><strong>potestatem</strong></span> <span class='ocrx_word' id='word_1_297' title='bbox 1468 4382 1532 4456; x_wconf 89' lang='lat' dir='ltr'><strong>vel</strong></span> <span class='ocrx_word' id='word_1_298' title='bbox 1561 4404 1726 4455; x_wconf 90' lang='lat' dir='ltr'><strong>sensum.</strong></span> <span class='ocrx_word' id='word_1_299' title='bbox 1778 4381 1895 4454; x_wconf 89' lang='lat' dir='ltr'><strong>Deni-</strong></span> 
     </span>
     <span class='ocr_line' id='line_1_31' title="bbox 55 4494 1946 4614; baseline -0.004 -38"><span class='ocrx_word' id='word_1_300' title='bbox 55 4525 152 4602; x_wconf 90' lang='lat' dir='ltr'><strong>que,</strong></span> <span class='ocrx_word' id='word_1_301' title='bbox 178 4523 262 4573; x_wconf 91' lang='lat' dir='ltr'><strong>cum</strong></span> <span class='ocrx_word' id='word_1_302' title='bbox 285 4496 478 4594; x_wconf 86' lang='lat' dir='ltr'><strong>Spohnius</strong></span> <span class='ocrx_word' id='word_1_303' title='bbox 504 4500 612 4592; x_wconf 90' lang='lat' dir='ltr'><strong>signa</strong></span> <span class='ocrx_word' id='word_1_304' title='bbox 637 4494 923 4591; x_wconf 85' lang='lat' dir='ltr'><strong>hieroglyphice</strong></span> <span class='ocrx_word' id='word_1_305' title='bbox 946 4519 1017 4593; x_wconf 91' lang='lat' dir='ltr'><strong>pro</strong></span> <span class='ocrx_word' id='word_1_306' title='bbox 1039 4495 1254 4592; x_wconf 88' lang='lat' dir='ltr'><strong>phoneticis</strong></span> <span class='ocrx_word' id='word_1_307' title='bbox 1281 4499 1364 4569; x_wconf 88' lang='lat' dir='ltr'><strong>siue</strong></span> <span class='ocrx_word' id='word_1_308' title='bbox 1388 4499 1605 4594; x_wconf 61' lang='lat' dir='ltr'><strong>prodiretis</strong></span> <span class='ocrx_word' id='word_1_309' title='bbox 1630 4498 1808 4590; x_wconf 90' lang='lat' dir='ltr'><strong>haberet,</strong></span> <span class='ocrx_word' id='word_1_310' title='bbox 1835 4520 1894 4570; x_wconf 94' lang='lat' dir='ltr'><strong>so·</strong></span> <span class='ocrx_word' id='word_1_311' title='bbox 1945 4605 1946 4614; x_wconf 8' lang='grc' dir='ltr'>ἵ</span> 
     </span>
     <span class='ocr_line' id='line_1_32' title="bbox 51 4611 1893 4714; baseline -0.005 -19"><span class='ocrx_word' id='word_1_312' title='bbox 51 4644 126 4696; x_wconf 90' lang='lat' dir='ltr'><strong>nos</strong></span> <span class='ocrx_word' id='word_1_313' title='bbox 151 4615 524 4714; x_wconf 89' lang='lat' dir='ltr'><strong>hieroglyphicorum</strong></span> <span class='ocrx_word' id='word_1_314' title='bbox 548 4615 693 4714; x_wconf 84' lang='lat' dir='ltr'><strong>passIm</strong></span> <span class='ocrx_word' id='word_1_315' title='bbox 714 4613 835 4686; x_wconf 83' lang='lat' dir='ltr'><strong>litcrIs</strong></span> <span class='ocrx_word' id='word_1_316' title='bbox 853 4611 984 4686; x_wconf 88' lang='lat' dir='ltr'><strong>latinis</strong></span> <span class='ocrx_word' id='word_1_317' title='bbox 1008 4614 1202 4706; x_wconf 88' lang='lat' dir='ltr'><strong>graecisue</strong></span> <span class='ocrx_word' id='word_1_318' title='bbox 1230 4617 1449 4709; x_wconf 88' lang='lat' dir='ltr'><strong>exprimere</strong></span> <span class='ocrx_word' id='word_1_319' title='bbox 1473 4615 1628 4688; x_wconf 81' lang='lat' dir='ltr'><strong>studuit.</strong></span> <span class='ocrx_word' id='word_1_320' title='bbox 1680 4617 1785 4708; x_wconf 79' lang='lat' dir='ltr'><strong>Quae</strong></span> <span class='ocrx_word' id='word_1_321' title='bbox 1812 4615 1893 4709; x_wconf 93' lang='lat' dir='ltr'><strong>qui-</strong></span> 
     </span>
     <span class='ocr_line' id='line_1_33' title="bbox 51 4728 1892 4832; baseline -0.007 -18"><span class='ocrx_word' id='word_1_322' title='bbox 51 4739 143 4814; x_wconf 88' lang='lat' dir='ltr'><strong>dem</strong></span> <span class='ocrx_word' id='word_1_323' title='bbox 163 4737 313 4826; x_wconf 90' lang='lat' dir='ltr'><strong>omnia,</strong></span> <span class='ocrx_word' id='word_1_324' title='bbox 337 4757 422 4807; x_wconf 86' lang='lat' dir='ltr'><strong>cum</strong></span> <span class='ocrx_word' id='word_1_325' title='bbox 447 4731 550 4806; x_wconf 91' lang='lat' dir='ltr'><strong>haud</strong></span> <span class='ocrx_word' id='word_1_326' title='bbox 575 4733 728 4805; x_wconf 90' lang='lat' dir='ltr'><strong>inutilia</strong></span> <span class='ocrx_word' id='word_1_327' title='bbox 751 4729 997 4822; x_wconf 86' lang='lat' dir='ltr'><strong>viderentur,</strong></span> <span class='ocrx_word' id='word_1_328' title='bbox 1029 4732 1310 4805; x_wconf 89' lang='lat' dir='ltr'><strong>accuratissime</strong></span> <span class='ocrx_word' id='word_1_329' title='bbox 1340 4732 1410 4805; x_wconf 94' lang='lat' dir='ltr'><strong>hoc</strong></span> <span class='ocrx_word' id='word_1_330' title='bbox 1435 4734 1476 4806; x_wconf 92' lang='lat' dir='ltr'><strong>in</strong></span> <span class='ocrx_word' id='word_1_331' title='bbox 1505 4733 1709 4832; x_wconf 81' lang='lat' dir='ltr'><strong>exemplo,</strong></span> <span class='ocrx_word' id='word_1_332' title='bbox 1743 4745 1788 4809; x_wconf 86' lang='lat' dir='ltr'><strong>vt</strong></span> <span class='ocrx_word' id='word_1_333' title='bbox 1814 4728 1892 4803; x_wconf 84' lang='lat' dir='ltr'><strong>offi-</strong></span> 
     </span>
     <span class='ocr_line' id='line_1_34' title="bbox 52 4849 861 4948; baseline -0.014 -15"><span class='ocrx_word' id='word_1_334' title='bbox 52 4860 104 4934; x_wconf 90' lang='lat' dir='ltr'><strong>cii</strong></span> <span class='ocrx_word' id='word_1_335' title='bbox 131 4854 228 4929; x_wconf 83' lang='lat' dir='ltr'><strong>duxi</strong></span> <span class='ocrx_word' id='word_1_336' title='bbox 237 4906 249 4945; x_wconf 95' lang='lat'><strong>,</strong></span> <span class='ocrx_word' id='word_1_337' title='bbox 282 4862 372 4926; x_wconf 86' lang='lat' dir='ltr'><strong>ante</strong></span> <span class='ocrx_word' id='word_1_338' title='bbox 399 4852 527 4924; x_wconf 89' lang='lat' dir='ltr'><strong>oeulos</strong></span> <span class='ocrx_word' id='word_1_339' title='bbox 551 4872 696 4948; x_wconf 89' lang='lat' dir='ltr'><strong>ponere</strong></span> <span class='ocrx_word' id='word_1_340' title='bbox 722 4849 861 4923; x_wconf 91' lang='lat' dir='ltr'><strong>studui.</strong></span> 
     </span>
    </p>

    <p class='ocr_par' dir='ltr' id='par_1_10' title="bbox 153 4953 1890 5067">
     <span class='ocr_line' id='line_1_35' title="bbox 153 4953 1890 5067; baseline -0.006 -22"><span class='ocrx_word' id='word_1_341' title='bbox 153 4973 223 5050; x_wconf 93' lang='lat' dir='ltr'><strong>No.</strong></span> <span class='ocrx_word' id='word_1_342' title='bbox 242 4969 292 5042; x_wconf 94' lang='lat' dir='ltr'><strong>lI.</strong></span> <span class='ocrx_word' id='word_1_343' title='bbox 344 4968 545 5067; x_wconf 87' lang='lat' dir='ltr'><strong>Inscriptio</strong></span> <span class='ocrx_word' id='word_1_344' title='bbox 573 4969 680 5044; x_wconf 91' lang='lat' dir='ltr'><strong>rudis</strong></span> <span class='ocrx_word' id='word_1_345' title='bbox 712 4979 858 5064; x_wconf 90' lang='lat' dir='ltr'><strong>septem</strong></span> <span class='ocrx_word' id='word_1_346' title='bbox 874 4990 1065 5042; x_wconf 69' lang='lat' dir='ltr'><strong>‘versuum</strong></span> <span class='ocrx_word' id='word_1_347' title='bbox 1091 4969 1132 5042; x_wconf 92' lang='lat' dir='ltr'><strong>in</strong></span> <span class='ocrx_word' id='word_1_348' title='bbox 1159 4991 1253 5065; x_wconf 90' lang='lat' dir='ltr'><strong>rupe</strong></span> <span class='ocrx_word' id='word_1_349' title='bbox 1278 4969 1437 5044; x_wconf 90' lang='lat' dir='ltr'><strong>inuenta</strong></span> <span class='ocrx_word' id='word_1_350' title='bbox 1463 4953 1516 5042; x_wconf 71' lang='lat' dir='ltr'><strong>cn</strong></span> <span class='ocrx_word' id='word_1_351' title='bbox 1540 4990 1657 5064; x_wconf 91' lang='lat' dir='ltr'><strong>opere</strong></span> <span class='ocrx_word' id='word_1_352' title='bbox 1684 4961 1890 5047; x_wconf 73' lang='lat' dir='ltr'><strong>Caillaudi2</strong></span> 
     </span>
    </p>
   </div>
   <div class='ocr_carea' id='block_1_7' title="bbox 0 0 2288 6076">
    <p class='ocr_par' dir='ltr' id='par_1_11' title="bbox 0 0 2288 6076">
     <span class='ocr_line' id='line_1_36' title="bbox 0 0 2288 6076; baseline 0 0"><span class='ocrx_word' id='word_1_353' title='bbox 0 0 2288 6076; x_wconf 95' lang='lat' dir='ltr'><strong> </strong></span> 
     </span>
    </p>
   </div>
  </div>
 </body>
</html>
