4568 6076
1088 549 1514 626 ...an-...-

388 777 550 854 titulun
578 773 660 865 „lio
682 777 808 848 aetate
828 757 1076 855 Areltdoelii„
1094 759 1256 858 Tyrtael
1275 773 1322 840 et
1342 758 1503 838 coint
1552 755 1770 836 Dareum
1789 757 1913 835 'obiter
1933 753 1986 838 de'
2007 755 2230 840 deleerlonle

391 897 536 971 salisa
558 887 718 966 Thalete
740 883 957 985 praedicta,
986 880 1035 955 de
1061 881 1259 978 tempore,
1289 901 1363 974 quo
1388 876 1590 972 Cyaxaros
1607 877 1786 952 Nineuen·
1806 882 2104 975 oppugnauerit,
2137 881 2231 954 'l're-

377 1033 456 1090 ees
464 1009 699 1104 Magnesiam
718 998 1245 1094 etSardesexpognauerint,
1272 995 1440 1088 chtlrae
1453 1006 1497 1068 et
1511 991 1709 1067 Cimmerii
1717 993 1853 1066 Asiam
1869 995 2096 1084 innuerint,
2125 993 2230 1070 deni

395 1151 469 1226 que
488 1123 539 1198 de
561 1121 742 1194 earminis
766 1117 926 1211 elegiaci
949 1113 1053 1210 apud
1074 1113 1247 1186 Gmeeos
1266 1113 1412 1205 origine
1436 1117 1475 1184 et
1497 1132 1583 1186 vsu.
1584 1121 1642 1162 ‘⁴
1641 1107 1755 1183 Hos
1786 1109 1940 1204 quidem
1971 1113 2230 1206 quaestiones,

381 1265 470 1340 quo
492 1239 631 1312 rectius
652 1235 858 1332 discipulis
878 1243 1068 1305 surnmom
1093 1229 1255 1301 tradere
1269 1239 1433 1324 posset,
1431 1228 1500 1298 in
1511 1227 1628 1301 breue
1649 1237 1899 1298 contraxerat
1919 1247 2106 1324 suumque
2128 1251 2230 1318 eons-

395 1356 577 1456 pendium
600 1352 752 1425 ((1ι1ιιιιι
772 1349 951 1443 roganti,
969 1357 1015 1422 (ιι
1037 1345 1202 1418 describi
1223 1367 1248 1416 a
1268 1366 1310 1416 se
1332 1343 1546 1442 patoretur,
1568 1355 1826 1416 concesserat
1884 1333 2009 1438 Atque
2029 1343 2136 1416 lraee
2151 1367 2228 1418 oro-

382 1477 463 1548 *nia
483 1471 675 1567 temporis
693 1468 896 1563 iniquitate
920 1461 1164 1536 intercidisse
1188 1459 1383 1535 videntur
1431 1460 1643 1532 Exstant
1650 1459 1754 1532 enirn
1778 1460 1821 1531 in
1839 1457 2079 1532 bibliotheca
2103 1459 2230 1535 Senis

388 1608 454 1664 ιιι(
476 1609 577 1660 nono
599 1605 721 1679 neque
746 1582 843 1654 liber
866 1579 1092 1676 primarius,
1125 1599 1247 1670 neque
1275 1577 1465 1670 epitome,
1495 1597 1618 1670 neque
1646 1573 1767 1647 editio
1799 1570 1939 1646 Callini
1968 1573 2226 1651 Fosuenmus

386 1727 486 1780 -eum
508 1702 658 1786 multis,
696 1697 831 1794 quibus
856 1694 1002 1766 referta
1024 1703 1137 1778 erat,
1165 1689 1496 1764 adnotationibus.
1557 1691 1717 1764 Prioata·
1735 1661 1822 1762 eius
1829 1689 1972 1762 studia
1994 1692 2227 1766 exercebant

400 1819 603 1905 Horatiae,
631 1817 744 1887 cuius
761 1810 988 1884 editionem
984 1806 1197 1903 aliquando
1223 1811 1426 1880 ornaturus
1449 1817 1553 1895 erat,
1580 1805 1766 1900 Virgilius
1787 1818 1907 1901 atque
1916 1805 2164 1896 Theocritus,
2190 1812 2228 1882 in

388 1958 475 2034 'quo
499 1947 581 2007 tum
605 1932 684 2004 alia
706 1941 794 2006 turn
813 1926 958 2012 critica,
979 1925 1101 1998 serius
1123 1924 1332 2021 partimin
1353 1923 1480 1997 liccem
1495 1920 1896 2012 (11111,,·(1(((ιίιιι1)(ι,ιΙ
1911 1943 1997 1995 cum
2013 1922 2228 2008 11111111(-
2283 1984 2284 1987 a

389 2091 392 2098 ·
476 2052 600 2124 tiaois.
1627 2081 1629 2084 ·
1793 2089 1795 2098 =

389 2074 473 2202 m
520 2165 632 2238 Anno
650 2159 926 2242 clnlooccxxn
950 2158 1100 2254 egregia
1124 2157 1329 2236 salutatis
1349 2155 1607 2255 Aegyptiacae
1628 2170 1899 2244 monumenta,
1934 2177 2033 2253 quae
2053 2157 2228 2234 *Menon
2282 2167 2283 2176 '

405 2283 614 2358 Μιιινιοιι
637 2279 684 2351 V.
706 2280 752 2350 E.
782 2280 823 2350 in
855 2279 993 2349 itinere
1023 2299 1093 2373 per
1123 2277 1229 2349 illam
1260 2287 1402 2348 terram
1434 2281 1742 2370 comparauerat,
1778 2265 1997 2350 Berolinurn
2030 2288 2227 2372 apportata
2282 2321 2283 2324 =

396 2412 524 2494 atque
541 2396 653 2488 Regis
677 2393 939 2468 munificentia
959 2396 1111 2480 cadmia
1130 2394 1172 2464 in
1197 2391 1430 2464 bibliotheca
1452 2389 1570 2485 rogia,
1599 2404 1658 2467 vt*
1672 2393 1911 2464 ornamentis
1931 2389 1986 2463 ex
2012 2390 2088 2464 hoc
2116 2393 2227 2464 etiam
2282 2399 2283 2402 ’

331 2507 332 2510 ’
405 2535 542 2610 genere
566 2507 799 2598 abundaret,
829 2509 1166 2604 exposita'erarts
1185 2535 1188 2560 =
1210 2508 1255 2582 ln
1278 2509 1338 2580 his
1359 2509 1702 2590 eratyolrnninom
1723 2527 2025 2615 papyraceorum
2057 2547 2112 2564 -·-
2143 2519 2231 2605 part·

387 2629 452 2704 aa
481 2629 584 2700 eninr
612 2628 656 2698 in
678 2625 794 2700 undis
824 2623 875 2698 ((1
903 2627 1035 2721 iplann
1060 2625 1226 2720 patriam
1255 2645 1363 2696 oram
1390 2626 1603 2721 perierant·
1621 2645 1674 2684 --‘
1713 2622 1817 2697 baud
1847 2625 2009 2716 exiguus
2040 2637 2232 2710 numems,

407 2768 503 2841 quae
530 2753 576 2816 vt
601 2742 761 2838 propius
792 2749 1037 2832 eoqrrosceret
1058 2739 1291 2826 ιδιοιιιιιιε,
1326 2739 1485 2814 volebat
1507 2738 1719 2812 Academia
1749 2740 1947 2812 literarum
1975 2739 2230 2814 berolinensis

386 2857 733 2956 splendidissima.
791 2853 897 2928 Nihil
920 2854 1142 2948 exoptatius
1165 2855 1200 2924 (1
1225 2852 1400 2928 accidere
1421 2856 1557 2951 potuit,
1585 2853 1812 2950 quamquam
1833 2857 1955 2927 scrius
1972 2853 2122 2928 demum
2142 2879 2167 2928 a
2188 2877 2228 2928 se

394 2974 728 3070 'impetrauit,yt
682 2969 799 3046 ytab
823 2968 956 3042 officio
970 2971 1187 3064 mesenque
1185 2991 1280 3042 suo
1274 2992 1368 3066 per
1386 2969 1545 3064 aliquod
1564 2967 1715 3066 ternpus
1745 2993 1786 3058 se
1811 2971 2062 3056 abstraheret.
2121 2965 2233 3060 Quot

401 3091 601 3168 volumina
628 3087 810 3160 reuoluta
829 3095 958 3172 erant,
992 3095 1050 3156 tot
1072 3085 1234 3158 reoitane
1256 3096 1417 3183 poterat
1433 3097 1545 3182 atque
1563 3086 1859 3183 assequebatur,
1895 3101 1940 3164 vt
1961 3087 2151 3184 praelecti
2175 3087 2230 3161 bi

402 3204 633 3290 bliothecae,
662 3225 737 3297 qua
758 3212 869 3275 erant
893 3202 1072 3273 comitate
1097 3212 1140 3272 et
1159 3200 1408 3288 liberalitate,
1437 3201 1522 3274 alia
1538 3200 1723 3278 delineari
1739 3205 1932 3292 sinerent,
1961 3205 2039 3276 alia
2058 3203 2229 3303 Liparen

393 3324 441 3394 ’(1
463 3322 617 3392 ι(1ιι(ι(
641 3327 864 3390 annuerent.
922 3316 1085 3388 Interim
1098 3317 1177 3388 alia
1196 3317 1434 3392 voluminum
1452 3335 1771 3414 papyraceorom,
1799 3329 1905 3416 quae'
1919 3322 1962 3392 in
1984 3321 2074 3394 offis
2097 3321 2230 3394 bibliot

403 3436 526 3507 thecis
543 3443 807 3518 assentiantur,
842 3430 1069 3524 antigrapha
1099 3444 1314 3528 acceperat,
1350 3434 1408 3506 ita
1433 3445 1480 3508 vt
1500 3434 1548 3505 de
1564 3435 1780 3530 *prolixiori
1805 3459 1938 3532 opere,
1974 3435 2080 3532 quod
2102 3438 2229 3510 literas

404 3549 663 3645 Aegyptiacae
678 3558 888 3642 tractaret,
917 3545 965 3618 ab
987 3545 1059 3618 hoe
1082 3546 1174 3618 inde
1192 3559 1368 3646 tempore
1385 3551 1587 3646 praecipue
1600 3552 1803 3644 cogitarat.
1860 3551 1962 3626 Hinc
1985 3555 2029 3624 in
2050 3554 2231 3646 catalogo,

393 3667 468 3762 <qui
491 3663 609 3736 libros
630 3665 671 3734 in
690 3672 859 3735 mereatu
883 3673 1101 3756 quoqne-et
1128 3665 1281 3740 vernali
1308 3677 1348 3737 et
1365 3665 1829 3762 auctomnalilripsiensi
1857 3669 2016 3743 venales
2049 3671 2230 3754 nominat,

393 3779 598 3870 indicebat
618 3800 712 3874 opus
732 3775 1012 3874 Aegyptiacum
1035 3783 1083 3850 eo
1110 3779 1248 3870 titolo,
1278 3803 1355 3876 quo
1376 3805 1400 3854 a
1420 3805 1482 3854 me
1505 3781 1793 3858 absolutumin.
1815 3786 1937 3858 lucam
1968 3786 2125 3880 prodire
2155 3779 2225 3858 iant

396 3898 540 3990 coepit.
600 3895 1061 3983 Grammaticaotantum,
1092 3897 1198 3970 euius
1221 3899 1367 3976 mentio
1387 3897 1443 3970 ibi
1466 3911 1544 3970 non
1563 3900 1619 3987 ilt,
1635 3917 1733 3973 ιιιιιιιι
1749 3912 1978 3997 praeparata
1992 3903 2047 3974 ‘sit
2066 3925 2090 3974 a
2106 3897 2229 3976 Soliti·

403 4027 496 4096 (ιο,
524 4009 648 4082 adieci
671 4009 868 4082 indicium.
899 4039 903 4078 ι
927 4009 1098 4084 Subinde
1127 4012 1286 4084 curabat
1306 4033 1376 4108 per
1400 4013 1560 4086 duoset
1573 4021 1663 4088 ¹'tros
1689 4017 1788 4089 adeo
1814 4017 2076 4112 lithograplros
2103 4029 2229 4090 textu

393 4123 683 4219 Ι((ιιιι’1(ρ1(1ιιιιι
705 4136 788 4197 ‘turn
807 4147 1039 4220 papyrorom
1066 4138 1107 4197 et
1126 4125 1330 4219 byssornm
1347 4126 1670 4226 Aegyptiacorum
1691 4135 1732 4204 in
1754 4133 1944 4227 lapidibus
1959 4132 2159 4220 Bauaricis'
2180 4135 2229 4205 irs

393 4239 644 4326 scribendos,
680 4240 737 4311 ita
759 4251 805 4314 vt
828 4241 902 4312 sibi
923 4254 1143 4314 reseruaret
1161 4241 1448 4317 correctionem.
1476 4273 1493 4303 ν
1515 4247 1675 4320 Initium
1687 4248 1790 4321 iecit
1812 4249 1863 4338 ab
1886 4251 2143 4346 inscriptione
2156 4249 2227 4322 ‘Ro

393 4367 564 4429 settara.
631 4354 867 4450 Sequebatur
891 4357 1115 4454 oxensplsm
1137 4358 1382 4448 londinense
1407 4361 1512 4435 adeo·
1529 4363 1733 4457 diligenter
1760 4367 1997 4453 atentiam,
2037 4389 2087 4438 ιι(
2109 4367 2228 4440 (11((ιι

400 4493 574 4556 morose,
601 4482 646 4543 vt
663 4471 729 4544 vel
750 4472 953 4545 leuissima»
968 4486 1129 4568 pineta,
1159 4477 1441 4551 minutissimae
1462 4479 1642 4568 lineolae,
1678 4481 1872 4575 sigriormn
1896 4483 2022 4554 11(ιιιι(Ι
2047 4484 2126 4556 vix
2146 4499 2233 4554 ons

395 4589 450 4660 :lis
472 4585 738 4682 percipiendos
762 4589 990 4664 imitaretur
1049 4590 1224 4672 Memini:
1240 4615 1325 4664 omn
1351 4615 1541 4682 asseram,
1586 4597 1793 4692 aliquando
1815 4621 1857 4671 se
1879 4619 1988 4670 esum
2002 4599 2231 4696 exemploru

274 4773 276 4777 ,
393 4725 474 4798 ·pro
497 4699 733 4775 Londinensi
753 4704 962 4791 sumsisse,
983 4706 1180 4800 metusque
1199 4709 1472 4788 similitudine·
1467 4710 1693 4809 deceptum
1748 4711 1882 4786 Vnam
1892 4715 2047 4789 tantam
2073 4717 2235 4802 literam,

394 4841 521 4913 quam
547 4830 614 4889 aut
633 4819 757 4912 pictor
778 4815 922 4910 Anglos
949 4832 1026 4894 (ιιι
1037 4821 1205 4916 lapicida
1227 4823 1447 4922 degyptius
1464 4829 1612 4916 omisit,
1644 4827 1694 4902 ab
1712 4851 1780 4900 eo
1776 4829 1963 4903 additam
1979 4827 2235 4906 vidilicet

396 4935 534 5006 literis
558 4935 688 5008 etiarn
708 4917 906 5029 proemia
919 4935 1104 5024 „Wesn
1110 4961 1169 5010 (ι
1177 4938 1301 5014 nocht.
1308 4963 1377 5026 (ιι
1386 4941 1496 5016 creles
1504 4943 1718 5018 lieston&
1744 4944 1893 5036 mit,
1921 4947 1973 5019 'so
2004 4946 2171 5042 seducha
2177 4943 2240 5021 sas
