4636 6060
1112 536 1498 608 ...vm-

211 794 222 809 ,
252 821 253 824 κ
391 759 517 842 sistat
551 761 741 857 systema
779 745 1098 856 Aegyptiacum
1125 735 1159 828 'a
1193 737 1389 850 Spobnio
1417 747 1648 830 inuentum
1674 757 1719 828 et
1748 745 1876 855 quale
1902 743 1976 829 sit.
2034 743 2233 830 Demon-

392 901 620 988 strandom
649 891 763 978 mihi
791 881 901 998 fuit,
929 892 1035 1001 quid
1063 891 1143 974 ille
1172 892 1228 974 de
1258 889 1409 1002 lingua
1436 891 1485 976 in
1513 893 1810 976 monumentis
1838 892 2121 1002 Aegyptiacis
2148 915 2233 978 ex-

359 1152 361 1158 ·
393 1074 542 1160 pressa
569 1039 795 1142 habuerit,
827 1063 933 1149 quas
963 1040 1082 1149 leges
1114 1039 1340 1124 scribendi
1370 1038 1612 1142 inuenerit,
1651 1063 1865 1148 quaenam
1894 1040 2106 1124 vocabula
2131 1053 2259 1125 tum*

393 1190 633 1290 demotica,
663 1197 759 1270 tum
785 1183 1002 1268 hieratica
1028 1196 1073 1268 et
1097 1182 1435 1296 hieroglyphice
1442 1203 1457 1289 ,
1484 1211 1590 1296 quas
1620 1184 1773 1268 literas
1799 1199 1996 1295 quaeque
2024 1211 2235 1272 numero-

391 1365 493 1426 rum
528 1335 654 1444 signa
665 1394 678 1438 ,
715 1356 821 1442 quas
852 1331 1017 1416 formas
1055 1332 1406 1442 grammaticales
1445 1330 1729 1441 explicuerit.
1793 1331 1886 1416 lom
1923 1331 2233 1443 faciliuserit,

392 1488 449 1570 de
489 1479 662 1570 meritis
706 1475 897 1587 Spohnii
943 1476 1143 1560 iudicare
1187 1491 1252 1582 et,
1298 1504 1580 1590 quaecunque
1616 1475 1992 1562 lucubrationibus
2032 1481 2236 1569 dolbncti

342 1671 348 1686 ·
393 1630 532 1718 aulici
575 1623 856 1736 Aegyptiacis
898 1624 1150 1727 eucncrint,
1203 1643 1290 1708 uno
1326 1613 1452 1734 quasi
1489 1626 1643 1708 obtutu
1680 1623 1926 1735 concipere.
1990 1624 2143 1714 Etiam
2177 1630 2237 1715 de

392 1781 468 1864 via
504 1786 548 1858 et
584 1773 757 1857 ratione
792 1768 1002 1878 exposui,
1049 1795 1134 1878 qua
1168 1767 1389 1878 Spobnius
1427 1771 1475 1854 in
1509 1768 1579 1854 bis
1615 1769 1776 1854 studiis
1813 1785 1917 1854 vsus
1950 1784 2039 1878 θεῖ,
2084 1785 2255 1886 atquc,

393 1925 471 2010 vbi
502 1932 644 2023 reete,
678 1917 813 2003 vbiue
849 1913 1059 1998 audacius
1094 1917 1361 2026 processisse
1389 1907 1687 2002 et'aberrasse
1715 1917 1945 2022 videatur,
1983 1921 2136 2028 paucis
2166 1923 2239 2010 in-

397 2068 561 2156 dicaui.
1129 2071 1130 2074 ‘
1396 2067 1434 2088 ”
2088 2157 2091 2162 ,
2152 2063 2155 2074 i
2222 2049 2224 2052 ⁵

513 2211 721 2298 Ceterum
748 2207 940 2293 multum
966 2211 1111 2316 abest,
1151 2210 1259 2321 quin
1275 2207 1450 2294 credam
1465 2223 1595 2321 atquc
1611 2209 1885 2315 contendam,
1913 2211 2240 2324 Hieroglypbi-

398 2389 502 2466 cen,
540 2355 887 2443 vocabularium
897 2414 911 2459 ,
959 2351 1306 2441 Grammaticam
1352 2357 1723 2468 Aegyptiacama
1761 2355 1958 2466 Spohnio
2005 2360 2242 2452 inuentam

400 2533 496 2593 esse
532 2504 774 2614 perfectam
811 2515 856 2586 et
886 2503 1130 2588 absolutam
1165 2504 1378 2614 vitiisque
1403 2516 1448 2586 θῖ
1473 2504 1694 2587 erroribus
1721 2527 1891 2610 carere3
1930 2504 2022 2588 imo
2055 2531 2242 2616 persua-

399 2681 498 2739 sum
527 2648 640 2735 mihi
668 2662 755 2753 cst,
783 2652 832 2732 in
859 2647 930 2730 his
961 2649 1261 2734 voluminibus
1290 2651 1458 2732 duobus
1488 2651 1629 2760 magis
1648 2619 2007 2758 peecatumesse',
2040 2658 2243 2762 quamin

402 2797 588 2910 reliquis
619 2785 915 2908 recentiorum
942 2795 1144 2904 scriptis,
1176 2820 1287 2905 qnae
1312 2795 1369 2878 de
1387 2795 1542 2879 'literis
1571 2796 1809 2907 linguaque
1836 2805 2037 2883 veterum
2060 2799 2243 2913 Aegyp-

399 2947 566 3030 tiorum
585 2941 901 3024 disseruerunt.
959 2937 1235 3024 Collectanea
1262 2941 1382 3050 enim
1403 2939 1668 3050 Spobniana,
1696 2967 1756 3028 ex
1782 2942 1940 3053 quibus
1957 2943 2069 3029 baec
2093 2949 2243 3056 edidi,

401 3083 454 3175 vt'
488 3087 626 3173 officii
668 3099 782 3190 erat,
820 3087 916 3168 sine
953 3087 1126 3170 delectu
1159 3097 1203 3170 et
1233 3065 1410 3193 critica,
1446 3086 1634 3173 minime
1668 3087 1724 3171 ad
1752 3090 2037 3177 emissionem
2065 3107 2246 3183 matura
2274 3193 2279 3198 ¹

400 3239 554 3346 beatus
601 3234 770 3317 amicus
814 3233 910 3340 ipse
954 3211 1187 3316 iudicauit.
1254 3230 1490 3317 Praeterea
1537 3225 1796 3345 descriptis
1829 3233 2113 3349 Aegyptiacis
2149 3242 2248 3328 lide

405 3383 577 3494 dignis,
619 3380 749 3464 claris
787 3391 831 3461 et
868 3378 1103 3462 adiutoriis
1136 3378 1215 3461 ille
1249 3379 1366 3463 iusto
1402 3380 1611 3489 pauciora
1650 3381 1906 3465 examinare
1941 3407 2157 3498 suumque
2190 3391 2249 3477 in

403 3554 533 3612 usum
572 3525 771 3610 conferre
796 3525 956 3633 potuit.
1011 3523 1080 3608 De
1109 3535 1174 3608 tot
1202 3525 1566 3634 inscriptionibus
1584 3526 1868 3637 'bilinguibos
1897 3530 2087 3643 aliisque
2108 3538 2248 3622 auxi·
2292 3502 2299 3511 ¹

403 3675 612 3777 liaribus,
644 3698 754 3785 quae
784 3672 924 3754 serius
952 3671 1158 3755 inuentae
1184 3684 1305 3775 sunt,
1333 3669 1448 3755 nihil
1476 3684 1651 3779 praesto
1681 3675 1724 3757 ei
1755 3686 1849 3757 erat
1862 3640 2249 3793 praeterlnscrip-

285 3821 286 3826 ‘
403 3823 572 3906 tionem
596 3820 885 3904 Roscttanam
913 3829 1044 3928 atque
1072 3845 1122 3901 re
1145 3843 1252 3902 vera
1276 3815 1590 3901 difficillimum
1607 3831 1686 3922 est,
1718 3821 2068 3931 quodSpobnius
2084 3828 2250 3917 beatus

404 3968 493 4052 sibi
523 3975 810 4076 proposuerat
832 3988 1008 4074 quoqne
1035 3972 1175 4047 nouos
1203 3974 1316 4066 erat,
1347 3974 1460 4044 totos
1490 3962 1662 4046 libellos
1692 3991 1863 4076 eosque·
1878 3974 2168 4079 grammatica
2195 4005 2252 4062 ac

405 4111 676 4224 philologica
701 4109 874 4193 ratione
897 4108 1193 4218 interpretari.
1252 4108 1310 4192 Αῖ
1340 4099 1446 4191 tero
1468 4107 1615 4193 etiam
1631 4116 2030 4220 persuasummibi
2051 4132 2141 4225 est,
2169 4149 2252 4210 me

406 4261 456 4343 in
478 4285 529 4340 eo
559 4259 715 4344 saltem
742 4281 843 4340 cum
872 4258 954 4361 iis,
983 4280 1117 4366 penes
1136 4279 1243 4365 quos
1263 4266 1328 4336 est
1343 4237 1565 4360 iudicare,
1595 4245 1842 4343 consentire
1850 4319 1864 4364 ,
1896 4275 2086 4367 systema
2101 4265 2252 4379 Spoh-

405 4405 494 4508 nii,
532 4402 648 4513 quod
683 4402 857 4504 dicunt,
890 4401 930 4483 si
968 4427 1057 4484 non
1094 4400 1294 4504 omnino,
1334 4412 1452 4483 certe
1486 4402 1536 4486 in
1563 4403 1820 4489 universum
1849 4420 1966 4491 recte
1994 4433 2042 4492 εθ
2073 4409 2253 4502 habere

408 4575 598 4658 eumque
634 4549 690 4632 ad
721 4548 999 4631 literaturam
1032 4559 1096 4629 tot
1137 4546 1325 4630 saeculis
1363 4549 1592 4654 obscuram
1626 4547 1884 4663 inviamque
1924 4555 2253 4650 dilucitandom

409 4695 501 4780 sois
538 4695 710 4778 viribus
746 4692 917 4803 aliquid
953 4692 1203 4777 contulisse.
1270 4691 1433 4802 Negari
1470 4693 1588 4778 enim
1609 4698 1798 4806 nequit,
1822 4699 1955 4787 ‘viam
1991 4703 2254 4814 aSpohnio

410 4843 654 4952 ingressam
689 4837 926 4921 admodum
959 4839 1231 4948 probabilem
1269 4862 1385 4944 esse3
1430 4840 1606 4950 negari,
1652 4841 1855 4954 inquam,
1903 4849 2077 4958 nequit,
2128 4857 2257 4962 quod

408 4983 607 5095 Spohnio
639 4983 824 5092 placuit,
863 4983 1062 5097 linguam
1097 4985 1416 5098 Aegyptiacam
1448 5011 1538 5070 non
1574 4987 1665 5078 alio
1688 4989 1782 5072 nisi
1810 5015 1912 5077 cum
1940 4989 2124 5104 Coptica
2146 5023 2258 5088 con-
