4674 6046
1136 77 1517 150 mbr—a·

316 317 318 324 ’
379 355 381 360 ·
410 305 559 386 dicare,
585 288 980 374 ‚cunnosviuemur
1002 281 1295 382 aliquandoaut
1318 280 1367 356 dc
1385 281 1854 364 ,cormariacensem
1878 284 2025 377 lacere,
2050 301 2249 374 vocam

409 418 548 496 studiis
566 413 700 488 multis
716 421 761 490 ,et
772 401 1055 504 praegraulbus
1070 398 1201 478 Ceteri
1224 399 1377 487 viuere,
1407 399 1779 493 segeteslrorteutes
1796 425 1881 476 etun
1899 403 2048 478 remilia
2064 406 2250 498 lustrare;

411 549 478 612 aut
501 533 670 610 actiones
686 527 903 608 instituere,
928 533 1063 610 causas
1078 515 1207 590 dicero
1221 515 1475 609 litigantibus,
1502 517 1676 613 iura'per
1689 537 1807 613 pagus
1832 519 2015 617 vicosque
2043 521 2158 611 dare,
2189 497 2250 596 ra-

411 655 557 728 tionem
574 661 787 738 ‘reposcere
811 636 1054 712 aerariorum
1076 651 1291 722 semustum
1330 643 1397 708 aut
1416 643 1657 726 aegrotantes
1682 634 1862 723 visitare,
1891 637 2112 712 morborum
2135 638 2250 728 sedus

300 767 308 775 “
411 766 662 854 inuestigare,
691 775 789 850 equo
812 765 944 832 vectos
966 774 1050 826 eum
1074 748 1288 832 medicinae
1305 749 1444 848 aulatio
1459 747 1697 822 insuburbia
1711 750 1899 845 villasque
1914 753 2100 838 inuulare.
2143 753 2179 830 N
2183 755 2251 826 ilril

414 891 468 958 ex
490 880 548 951 his
573 875 758 950 Suoflmu
780 870 874 944 satis
901 865 1113 954 arridebat;
1150 862 1375 960 adspirabat
1397 863 1447 938 ad
1469 864 1608 936 altiora
1632 875 1745 960 atque
1769 889 1828 953 ea,
1860 889 1956 961 quac
1971 869 2092 944 veluti
2115 869 2250 962 glebae

357 1009 359 1012 ’
412 1021 490 1074 non
515 992 648 1070 adfixa
670 999 770 1064 sunt.
813 983 900 1066 Nun
925 980 1213 1069 dissimulabat,
1243 1001 1284 1052 sa
1303 1001 1465 1076 ‚operam
1490 978 1602 1068 dare,
1628 992 1673 1056 vt
1695 979 1946 1056 Academiam
1967 984 2175 1079 aliquando
2192 1007 2252 1066 or.-

414 1136 508 1189 nare
538 1119 670 1202 atque,
685 1169 691 1182 .
707 1104 742 1178 si
771 1102 861 1176 Diis
877 1101 1067 1197 placeret,
1104 1095 1344 1191 prouinciam
1366 1097 1469 1192 patri
1497 1107 1620 1168 rnurte
1642 1109 1886 1195 praereptam
1906 1100 2079 1180 nancisci
2101 1113 2248 1196 posset.

412 1223 685 1305 Familiaribus
708 1221 751 1294 in
775 1212 1193 1301 auresinsusurrabat,
1229 1225 1385 1286 manere
1415 1233 1503 1290 eum
1536 1211 1752 1286 editionemw
1777 1214 1933 1288 alterius
1964 1217 2085 1309 partis
2114 1219 2253 1291 vatici·

415 1349 568 1422 niumm
587 1336 796 1422 letaniae,
833 1353 930 1428 quac
953 1341 1091 1425 parata
1113 1339 1218 1402 esset
1242 1338 1412 1425 epatre.
1468 1323 1728 1422 Cognouerat,
1756 1329 1933 1402 interris
1960 1353 2095 1414 versus
2125 1333 2253 1414 orien-

416 1474 495 1538 tem
517 1458 621 1543 sitis,
649 1452 771 1530 inulta
785 1449 1003 1526 etiamnum
1028 1446 1148 1520 latere
1171 1445 1271 1518 scitu
1291 1445 1511 1516 necessaria
1534 1457 1601 1517 aut
1623 1444 1758 1537 digna,
1786 1446 2007 1539 neminique
2031 1447 2250 1540 contigisse,

416 1591 475 1653 tot
498 1574 679 1665 caligines
704 1566 911 1653 discutere,
945 1573 1003 1635 tut
1026 1559 1195 1636 tenebris
1217 1559 1341 1632 lucem
1366 1558 1522 1634 inferre.
1581 1559 1841 1652 Meditabatur
1867 1561 1993 1655 itaque
2017 1583 2103 1636 eum
2124 1565 2252 1636 'arnico

416 1697 491 1769 iter
505 1686 788 1780 longissimum,
818 1678 919 1777 quud
933 1689 1022 1775 pust
1038 1677 1246 1751 triennium
1263 1673 1537 1751 Academicum
1555 1674 1763 1769 dirigerent
1779 1674 1830 1749 ad
1847 1675 1933 1748 illas
1951 1687 2086 1750 terras.
2114 1676 2254 1758 Amico

320 1887 321 1890 ,
418 1804 636 1888 destinabat
664 1800 885 1885 Graeciam,
912 1794 1109 1882 Tusciam,
1140 1792 1275 1870 Asiam
1298 1793 1508 1881 minorem,
1536 1791 1710 1885 Syriam,
1738 1793 1993 1868 Palaestinam
2001 1817 2024 1882 ·;·
2041 1794 2116 1866 sibi
2133 1818 2254 1874 reser-

415 1924 536 2001 vabat
565 1940 679 1996 vnum
700 1914 928 2008 Aegyptum.
985 1906 1219 1990 clarissimis
1241 1907 1430 1980 coloribus
1460 1907 1735 2005 depingebatur
1758 1908 1914 1982 ludente
1935 1909 2144 2004 phantasia
2168 1934 2254 1990 cuu-

416 2050 556 2118 ventus
584 2037 626 2108 in
654 2030 800 2106 Arabia
830 2027 953 2115 felici,
1001 2048 1115 2121 quam
1151 2024 1316 2102 tortasse
1351 2025 1453 2096 iusto
1492 2024 1702 2098 feliciorem
1731 2024 1806 2096 sibi
1821 2026 2022 2108 ,linxerant
2038 2025 2089 2120 ·).’
2144 2024 2255 2120 Quod

417 2170 507 2230 tune
529 2153 571 2225 in
591 2147 768 2224 tirocinio
787 2143 1027 2222 machinatus
1050 2151 1127 2229 ost,
1156 2139 1200 2216 id
1226 2151 1366 2246 euentu
1387 2162 1466 2220 nun
1485 2141 1619 2213 caruit.
1677 2139 1895 2237 Aegyptum
1925 2142 2030 2214 enim
2054 2141 2153 2214 ubiit
2175 2164 2251 2214 non

416 2269 579 2372 pedibus
603 2263 758 2360 quidum
777 2260 841 2338 vel
867 2259 1067 2344 iumentis,
1097 2255 1167 2332 sed
1182 2267 1311 2328 rnunte
1326 2257 1508 2332 etanimu
1522 2269 1633 2352 atque
1647 2257 1732 2351 plus
1755 2257 1969 2352 sapientiae
1993 2258 2148 2330 etlueis
2166 2257 2253 2330 inde

418 2386 578 2470 retulit,
596 2401 711 2474 qnam
747 2376 885 2470 reliqui
911 2374 1217 2472 peregrinaturos
1232 2391 1392 2450 omnes.
1441 2369 1630 2456 ,cetorum
1649 2372 1697 2444 iis
1719 2384 1803 2444 erat
1818 2372 1988 2454 moribus
1999 2397 2010 2461 ,
2033 2385 2080 2450 ut
2096 2373 2179 2448 sibi
2191 2395 2254 2446 ne-

419 2505 563 2578 minem
578 2516 657 2572 non
671 2492 907 2579 conciliarat,
930 2491 1062 2562 animo
1082 2487 1247 2570 candidu
1262 2488 1426 2582 simplici
1441 2499 1484 2572 et¹
1494 2488 1628 2575 hilari,
1651 2488 1833 2577 affabilis,
1856 2490 1991 2577 centis,
2017 2511 2143 2583 neque
2163 2511 2252 2566 veru

418 2623 461 2692 in
488 2603 610 2690 malis
627 2609 894 2704 obsequiosus,
913 2605 1216 2684 -asiruulatione
1227 2615 1282 2689 ot,
1298 2605 1556 2678 ostentatione
1575 2604 1834 2692 alienissimus
1850 2607 1963 2700 atqde
1980 2607 2097 2696 etiarn
2115 2607 2252 2698 grauis

420 2735 640 2815 continuus,
668 2736 866 2811 constans,
896 2722 1074 2800 inimicos
1090 2720 1290 2821 nonullos
1314 2719 1491 2808 habebat.
1542 2719 1864 2818 'Disceptabaton
1901 2723 2134 2802 sententiam
2156 2720 2253 2798 dieo-

419 2853 504 2939 bot;
525 2844 744 2924 *eomsnilitu
769 2836 1041 2936 quaerebatur,
1071 2836 1225 2926 aderat;
1260 2857 1388 2932 pugna
1416 2835 1808 2932 pugnabatur,=arma
1826 2858 1907 2910 uun
1931 2835 2254 2916 detrectabat-bu-

419 2978 549 3051 nesta,
578 2961 721 3057 quippo·
736 2977 903 3042 memor,
934 2953 1115 3032 decorum
1144 2975 1229 3030 esse
1256 2951 1426 3050 derepere
1447 2953 1489 3024 iu
1511 2951 1604 3024 leco
1663 2953 1697 3028 Ε
1722 2941 1915 3047 magistris
1944 2955 2123 3050 inprimis
2147 2973 2254 3042 carus

421 3089 509 3154 crat
527 3079 684 3155 lausto
706 3083 820 3168 atque
835 3071 1002 3148 laeuum
1017 3068 1170 3146 subolae
1185 3068 1356 3156 Recturi,
1379 3069 1471 3146 ·viro
1488 3066 1536 3141 do
1558 3067 1672 3142 rebus
1690 3067 1832 3142 diuinis
1857 3081 1969 3163 atque
1984 3070 2165 3156 humanis
2181 3093 2258 3148 ma·

421 3199 518 3283 rito,
541 3193 619 3287 „qui
643 3211 729 3266 eum
753 3209 785 3268 e,
798 3175 1325 3281 condisclprdorum'nmneru
1339 3205 1547 3279 permagno
1566 3184 1723 3276 eligeret
1745 3185 2040 3274 sibilantium,
2071 3207 2189 3280 quem
2204 3185 2258 3262 di·

421 3323 528 3400 cunt,
567 3306 816 3404 plurimisque
849 3301 959 3378 bunis
990 3302 1212 3378 cumularet.
1275 3300 1374 3374 Eius
1405 3298 1538 3380 laudes
1563 3311 1602 3372 et
1628 3302 1767 3376 rnerita
1787 3323 1935 3398 quaque
1961 3303 2167 3374 occasione
2198 3302 2261 3378 ob-

421 3431 501 3503 lata
524 3436 632 3520 grato
654 3422 785 3494 animo
808 3419 1014 3494 sponsus
1029 3417 1294 3513 praedicauit,
1324 3428 1382 3504 ct,
1409 3437 1520 3510 qoem
1546 3439 1616 3514 per
1634 3439 1709 3494 sex
1732 3417 1811 3502 fure
1836 3438 1957 3492 annus
1984 3429 2170 3514 tanquam
2191 3442 2259 3517 pa·

403 3583 408 3592 -·
421 3559 519 3618 trem
549 3539 662 3613 orbus
695 3535 898 3623 babuerat,
916 3637 923 3656 ἱ
938 3555 1025 3625 euru
1055 3545 1192 3630 postea
1222 3533 1433 3614 constantis
1459 3533 1653 3609 amicitiae
1684 3533 1848 3626 vinculis
1881 3547 2012 3608 seeum
2043 3536 2263 3632 coniunxit,

429 3841 434 3846 ·
490 3831 514 3892 ⁴)
533 3825 597 3877 Huc
614 3829 759 3892 spectant,
791 3839 863 3892 qnae
882 3825 912 3877 in
931 3823 995 3879 albu
1014 3821 1096 3876 aurici
1116 3817 1313 3889 aSpolrniana
1330 3833 1415 3871 manu
1434 3823 1518 3887 paolo
1538 3822 1630 3875 serius
1648 3823 1752 3892 scripta
1770 3830 1849 3877 suut:
1948 3805 1950 3808 ¹

955 3915 957 3926 '
984 3927 1039 3977 We
1056 3921 1117 3974 siclt
1135 3915 1218 3973 Mutis
1236 3922 1296 3972 und
1312 3905 1481 3991 uegetum

1049 4013 1085 4062 Iu
1103 4007 1151 4059 der
1170 4005 1247 4058 suu
1264 4021 1367 4075 regen,

985 4095 1081 4149 Edem
1100 4101 1209 4144 stemmt
1227 4089 1287 4154 siclt
1305 4090 1343 4142 da
1361 4090 1405 4140 die
1424 4091 1509 4142 Brute

1051 4167 1109 4231 Der
1131 4175 1239 4247 Gesadr
1255 4185 1407 4246 eutgegeu.

980 4263 1100 4334 Matdr'g
1116 4261 1242 4323 Brrider,
1264 4276 1347 4312 menn
1364 4263 1405 4313 eie
1424 4259 1525 4312 &iuti

1053 4351 1114 4402 Nur
1130 4349 1166 4400 r'm
1180 4344 1387 4416 Krastgesrihie

981 4431 1161 4486 Mdnnlr'clter
1185 4429 1407 4482 Bedarrir'clrker't

881 4531 884 4542 ·
956 4521 961 4538 ‘
1060 4515 1179 4588 Kimpse
1196 4523 1262 4568 rnen
1279 4517 1338 4568 sicu
1356 4531 1432 4568 zum
1449 4510 1560 4566 Ziele.
1599 4527 1685 4548 ³
1731 4531 1749 4574 ,ι
