4568 6076
764 547 1141 616 ....v-.-

20 749 282 862 adagium,
327 750 668 862 mythologiam,
710 755 1048 859 astronomiam,
1094 754 1288 865 aliasque
1330 755 1587 867 disciplinas
1632 761 1868 866 illustrent,

20 923 150 980 nunc
180 898 505 1004 describerem,
544 922 660 980 nunc
692 897 1058 1007 impressionibus
1091 903 1359 1011 exciperem.
1424 904 1548 990 Haec
1581 933 1680 992 mea
1712 909 1869 994 biblio-

20 1041 161 1129 theca
190 1045 482 1156 Aegyptiace,
510 1043 717 1128 undecim
741 1045 940 1130 millibus
968 1059 1012 1130 et
1035 1048 1151 1157 quod
1177 1049 1385 1132 excurrit
1401 1051 1630 1158 particulis
1654 1065 1869 1153 constans,

20 1190 279 1299 plurimum
321 1190 436 1274 mihi
478 1191 645 1301 profuit
688 1192 738 1274 in
782 1192 1038 1282 instruenda
1080 1191 1381 1280 Grammatica
1414 1207 1544 1307 atque
1576 1197 1871 1283 vocabulario

24 1337 304 1448 Aegyptiaco
336 1350 382 1422 et
414 1338 634 1422 demotico
669 1348 714 1420 et
743 1336 956 1424 hieratico
982 1353 1028 1424 et
1050 1339 1405 1454 hieroglyphico,
1439 1367 1570 1451 opere
1599 1345 1871 1453 amplissimo

28 1484 173 1568 trium
203 1484 494 1570 voluminum.
1757 1513 1758 1516 ‘

150 1631 377 1714 Absolutis
411 1628 482 1712 his
512 1629 756 1734 laboribus,
797 1631 1071 1746 longissimis
1101 1644 1145 1715 et
1174 1631 1523 1736 molestissimis,
1561 1637 1639 1745 qui
1666 1634 1871 1744 ampliori

28 1779 277 1862 literarum¹
295 1776 664 1888 Aegyptiacorum
700 1775 953 1860 tractationi
981 1780 1296 1886 praemittendi
1331 1801 1427 1862 esse
1456 1779 1745 1881 videbantur,
1781 1784 1871 1864 iam

35 1951 87 2008 cu
113 1947 424 2032 pemeneram,
449 1935 497 2004 ut
524 1947 632 2032 opus
662 1919 965 2031 Spohnianum
993 1951 1094 2010 cum
1121 1927 1449 2014 commentariis
1479 1939 1523 2010 et
1550 1927 1871 2026 dissertationi-

30 2073 114 2156 bus
154 2093 340 2178 cumquc
373 2069 660 2179 grammatica
700 2080 744 2151 et
773 2071 1052 2154 vocabulario
1081 2073 1312 2180 promissis
1343 2073 1474 2155 edere
1502 2097 1689 2182 possem.
1749 2069 1870 2171 Quae

35 2243 170 2329 quum
206 2239 403 2326 agerem,
441 2215 540 2324 iure
576 2240 627 2298 ac
660 2216 831 2299 ratione
866 2241 1122 2325 persuasum
1155 2219 1268 2302 milri
1305 2230 1394 2323 est,
1429 2217 1510 2302 hac
1545 2231 1694 2303 nostra
1731 2230 1871 2302 aetate
2017 2259 2021 2268 ’

33 2363 227 2448 neminis
271 2385 388 2462 esse,
433 2375 524 2444 tam
569 2373 742 2445 vastum
779 2373 954 2470 tamque
991 2375 1264 2449 sumtuosom
1304 2390 1411 2474 opus
1450 2364 1567 2473 typis
1606 2367 1869 2450 describere.

36 2507 147 2610 Quis
175 2508 295 2592 enim
323 2533 412 2591 non
438 2508 586 2618 lugeat
613 2533 786 2592 mecum
813 2505 924 2592 hanc
949 2521 1145 2594 nostram
1171 2522 1383 2615 aetatem,
1407 2535 1492 2620 qua
1520 2535 1600 2626 per
1623 2523 1759 2594 totam
1777 2511 1869 2594 lere

36 2657 256 2764 Europam
292 2653 519 2738 Musarum
555 2655 681 2737 sedes
719 2656 1016 2739 constantibus
1050 2657 1190 2740 turbis
1227 2668 1272 2741 et
1301 2656 1675 2742 sollicitudinibus
1703 2681 1870 2741 vexan-

36 2819 130 2909 tur3
170 2827 254 2912 qua
283 2801 482 2886 omnium
511 2801 718 2886 ordinum
747 2799 949 2885 homines
976 2829 1067 2887 non
1098 2805 1265 2889 artibus
1294 2803 1444 2907 bonis,
1482 2804 1560 2885 sed
1590 2803 1870 2912 disceptatio-

36 2952 165 3036 nibus
202 2948 401 3058 politicis
438 2947 660 3032 eontinuis
697 2947 975 3055 detinentur3
1014 2975 1098 3058 qua
1124 2949 1303 3059 ingenia
1339 2946 1531 3032 humana
1568 2951 1732 3033 rectius
1760 2948 1868 3033 actis

30 3094 210 3182 diurnis
244 3094 508 3204 scriptisque
540 3093 735 3194 leuibus,
771 3113 900 3202 quam
929 3094 1203 3204 antiquitatis
1229 3094 1378 3176 studio
1408 3093 1579 3176 crudiri
1609 3096 1869 3198 creduntur3

36 3269 142 3354 qua,
182 3241 414 3351 religionis
446 3239 603 3322 solatio
632 3264 768 3351 paene
798 3241 983 3341 amisso,
1025 3240 1166 3324 ‘aninri
1192 3239 1426 3323 bominum
1454 3240 1611 3323 mortis
1629 3215 1870 3349 'appropin-

36 3388 209 3500 quantis
236 3399 358 3472 metu
385 3386 641 3496 explentor;
677 3411 762 3496 qua
786 3387 1295 3495 literarum‘artiumque
1323 3388 1535 3471 bonarum
1566 3386 1754 3469 cultores
1783 3410 1871 3468 non

35 3546 251 3648 augentur
280 3557 478 3633 numero,
508 3533 587 3616 scd
603 3533 803 3642 quotidie
826 3534 1104 3640 minuuntur3
1135 3561 1220 3643 qua
1234 3559 1388 3641 parum
1404 3533 1539 3633 abest,
1570 3532 1678 3642 quin
1693 3531 1872 3641 antiqua

36 3681 260 3768 barbaries
297 3680 346 3762 in
381 3679 543 3762 mediis
579 3678 709 3761 terris
746 3676 1009 3764 Christianis
1042 3679 1306 3764 reuiuiscatl
1364 3673 1486 3776 Quae
1517 3703 1651 3788 quum
1677 3679 1742 3762 ita
1766 3677 1870 3779 sint,

37 3826 276 3913 necessitas
308 3823 423 3909 mihi
453 3825 661 3934 imposita
695 3835 811 3929 crat,
849 3836 924 3908 aut
950 3821 1187 3908 differendi
1214 3825 1263 3908 in
1290 3823 1411 3906 aliud
1439 3833 1609 3932 tempus
1636 3823 1751 3907 forte
1777 3823 1871 3950 lon-

37 3975 271 4088 gissimum
300 3970 582 4056 emissionem
610 3970 772 4080 reliqui
788 3970 945 4083 operis
973 3969 1236 4080 Spohniani,
1266 3981 1340 4052 aut
1369 3968 1633 4090 breuissima
1659 3993 1791 4052 manu
1820 3993 1871 4049 ea

36 4133 206 4210 tantum
242 4142 360 4202 nunc
392 4118 576 4221 edendi,
615 4141 726 4225 quae
761 4116 955 4200 lacerent
989 4117 1046 4199 ad
1073 4116 1414 4227 intelligentiam
1442 4115 1604 4227 prioris
1628 4111 1870 4200 voluminis

36 4269 126 4353 iam
162 4253 290 4351 editi.
349 4265 500 4375 Neque
538 4261 778 4367 haesitaui,
813 4263 921 4372 quid
948 4261 1062 4347 mihi
1091 4265 1310 4376 agendum
1335 4273 1464 4345 essct.
1523 4259 1670 4360 Quum
1699 4261 1820 4344 enim
1845 4285 1874 4342 a

35 4414 175 4500 multo
211 4413 319 4534 inde
354 4424 552 4522 tempore
578 4421 680 4492 tum
707 4407 896 4519 publicis
924 4421 1017 4492 tum
1047 4410 1232 4518 priuatis
1263 4410 1439 4517 scriptis
1469 4408 1686 4492 excitatus
1712 4429 1869 4506 essem,

33 4562 199 4672 partim
225 4571 274 4644 vt
299 4561 468 4644 tabulas
489 4553 855 4668 lithographicas,
880 4577 986 4665 quas
1010 4558 1161 4641 beatus
1177 4554 1398 4665 Spohnius
1412 4553 1640 4664 promisit,
1668 4553 1869 4657 edercm3

33 4707 223 4817 partim,
250 4717 300 4789 vt
321 4706 518 4791 breuiter
546 4727 837 4811 exponerem,
868 4701 976 4812 quid
1003 4703 1170 4786 amicus
1189 4701 1419 4786 defunctus
1435 4703 1492 4786 de
1506 4699 1651 4785 literis
1668 4707 1869 4782 veterum

20 4851 355 4966 Aegyptiumm
382 4850 604 4935 inuenerit
632 4873 827 4958 quaeque
851 4849 1028 4957 propria
1055 4849 1153 4934 eius
1181 4849 1269 4934 sint
1297 4849 1477 4953 merita3
1508 4845 1591 4930 hoc
1619 4844 1773 4928 saltem
1804 4841 1867 4924 ol-

26 5001 135 5086 licio
160 4998 338 5112 longios
370 4995 655 5109 supersedere
684 5019 772 5079 non
801 4993 949 5080 debui.
