4568 6076
736 617 1149 685 -17....

130 825 243 900 Anno
267 821 564 901 clolo'ccoxux.
590 819 760 898 Seonuu
783 823 991 917 ingenium
1010 837 1267 900 exercuerunt
1288 825 1481 905 Hesiodus
1503 833 1543 904 et
1568 832 1738 908 Tibullus
1764 841 1849 910 cum

8 942 171 1040 reliquis
201 944 288 1015 aeusi
311 941 496 1034 Augustei
523 941 786 1038 scriptoribus.
845 939 1007 1012 Hesiodi
1034 959 1150 1037 opera
1172 952 1212 1014 et
1227 941 1328 1031 dies,
1357 967 1442 1016 cum
1466 945 1612 1021 duobus
1634 953 1746 1023 annis
1760 963 1854 1024 ante
1884 931 1887 940 ’

10 1060 55 1130 in
85 1059 225 1131 scholis
249 1058 412 1156 publicis
438 1056 670 1152 explicaret,
698 1058 755 1129 ita
770 1066 1015 1144 tractauerat,
1042 1068 1099 1145 vt,
1122 1057 1213 1152 quid
1229 1057 1271 1130 in
1284 1079 1385 1132 noua
1399 1058 1511 1134 huius
1528 1065 1707 1138 carminis
1722 1089 1851 1140 recen.

9 1174 123 1248 sione
152 1186 218 1247 aut
243 1173 463 1246 addendum
495 1182 562 1244 aut
587 1171 868 1246 ‘detrabendum
892 1184 937 1244 et
954 1171 1173 1264 fugiendum
1192 1184 1312 1261 esset,-
1343 1173 1440 1247 bone
1462 1177 1703 1270 intelligeret.
1751 1181 1846 1254 Sob-
1914 1263 1917 1270 ,

5 1289 102 1361 inde
123 1300 346 1376 curauerat,
380 1298 426 1362 vt
446 1285 597 1364 codices
621 1285 747 1359 MSS.
777 1288 959 1383 permulti
981 1289 1318 1382 iique‘grauissimi
1339 1291 1617 1384 inspicerentur
1631 1303 1745 1389 atque
1763 1317 1848 1370 cum
1880 1375 1882 1380 ,
1911 1275 1936 1320 ”

6 1414 125 1477 textu
151 1405 304 1496 vulgari¹
325 1402 600 1474 conterremur.
659 1401 802 1474 Multas
821 1403 1038 1475 notationes
1061 1401 1326 1491 Hieronem,
1352 1404 1534 1493 Dvunnr,
1558 1407 1695 1495 lieren,
1722 1406 1850 1482 Buvn-
1976 1455 1978 1460 .
2017 1455 2022 1468 ·

5 1537 79 1608 ner,
98 1520 276 1592 ‘aliorum
297 1527 518 1614 acceperat„
538 1539 613 1614 qua
635 1519 740 1590 inre
766 1529 1036 1596 succurrerent·
1054 1519 1091 1590 ei
1114 1517 1390 1612 humanissime
1404 1517 1670 1610 floruimus,
1695 1520 1849 1596 sorrec-
1968 1585 1971 1592 λ

2 1651 158 1722 meva,
185 1635 427 1721 Psssovrvs,
455 1633 683 1720 lucensius,
715 1631 936 1704 Sarnnrnvs
959 1633 1112 1727 aliique.
1172 1633 1236 1706 Sic
1257 1633 1472 1707 instruebat
1494 1634 1686 1732 dupbcem
1712 1637 1849 1712 editio,-
1975 1649 1978 1655 ’

1 1772 99 1822 nem
124 1748 323 1834 Hesiodi‚·
348 1750 509 1822 alteram
542 1749 731 1820 minorem
754 1749 795 1818 in
822 1767 936 1824 vsum
962 1747 1197 1834 scholarum,
1235 1769 1332 1844 quae
1354 1771 1456 1822 anno
1483 1753 1659 1846 sequenti
1678 1755 1848 1843 ineunte,
1979 1789 1981 1792 ·

1 1862 335 1938 commilitonibus
351 1874 389 1935 et
405 1861 642 1936 auditoribus
656 1864 855 1960 inscripta,
879 1862 1041 1959 prodiit;
1071 1863 1231 1937 alteram
1248 1867 1435 1938 maiorem
1452 1888 1612 1962 eamque
1625 1869 1746 1942 multo
1756 1870 1849 1946 vbee

26 1983 154 2052 iorem
178 1991 217 2052 et
239 1979 462 2052 doctiorem.
527 1977 580 2050 Vt
617 1978 667 2051 ad
698 1976 892 2052 Tibullum
926 1978 1053 2051 denuo
1080 1990 1119 2050 et
1139 1980 1298 2077 propius
1324 2003 1378 2052 se,
1399 1980 1609 2069 conferret,
1644 1984 1847 2058 effecerunt

29 2097 184 2168 ‘'osslvs
215 2106 255 2168 ot
277 2095 625 2181 Erofflussn'uws,
651 2095 714 2190 qui
736 2096 893 2167 tertium
920 2093 1056 2168 borum
1081 2097 1294 2168 carminum
1319 2096 1457 2170 librum
1481 2119 1559 2170 non
1582 2097 1743 2189 Tibulli,
1777 2100 1847 2174 sed

40 2211 202 2305 y-gdami
215 2209 412 2284 cuiusdam
429 2231 513 2282 esse
533 2209 810 2282 contenderint.
865 2207 960 2283 Cum
977 2212 1080 2284 enim
1097 2213 1165 2283 alii
1178 2209 1330 2284 Tibullo
1342 2213 1500 2302 iamiam
1516 2213 1655 2288 librum
1670 2227 1851 2311 quartum

14 2327 314 2418 biudicassent;
336 2325 549 2414 ‘credeban
576 2348 623 2398 eo
645 2349 726 2399 rem
757 2324 1028 2414 deuentumm,
1060 2337 1124 2415 vt,
1154 2327 1188 2398 si
1208 2326 1369 2401 ulterius
1397 2327 1669 2425 progrediendi
1691 2332 1847 2404 lieentia

0 2443 225 2532 placuerit,
259 2443 367 2516 breui
400 2441 537 2518 umbra
567 2441 683 2514 modo
716 2442 913 2536 solumque
948 2463 1090 2514 nomen
1119 2440 1262 2514 Tibulli
1290 2454 1547 2537 superessent.
1620 2441 1731 2516 Hanc
1761 2467 1848 2518 cau·
1927 2485 1928 2488 π

0 2580 95 2630 arn
118 2581 141 2630 a
162 2559 316 2630 nomine
338 2557 441 2630 recte
472 2557 635 2630 iudicari
658 2578 774 2653 posse
800 2556 973 2645 viderat,
1010 2557 1086 2628 nisi
1111 2555 1160 2630 ab
1180 2578 1246 2643 eo,
1280 2558 1344 2652 qui
1366 2558 1551 2630 interiora
1575 2559 1682 2633 vitae
1705 2551 1856 2633 Tibulli

27 2675 265 2766 ognouisset.
307 2672 395 2763 „Ad
411 2673 456 2746 id
466 2677 664 2768 poetarum
681 2681 836 2767 genus“,
857 2673 1006 2767 inquit,
1029 2670 1227 2761 „Tibullus
1244 2671 1381 2745 relerri
1399 2671 1524 2761 debet,
1553 2675 1659 2746 euius
1675 2659 1848 2748 carmina

1 2811 98 2862 cum
127 2791 235 2864 vitae
256 2789 470 2864 rationibus
490 2788 588 2862 adeo
609 2788 833 2876 cohaerent,
861 2800 907 2861 vt
929 2786 1169 2861 bisdemum
1190 2789 1292 2860 reot'e
1314 2791 1524 2884 perspectis
1544 2788 1662 2887 plane
1683 2791 1851 2884 intelligi

1 2906 202 3002 possint.“
265 2903 579 2991 Quamobrem
610 2906 652 2977 in
679 2907 803 2981 vitam
837 2902 981 2977 Tibulli
1012 2905 1232 2999 inquisiuit,
1265 2887 1322 2975 ita
1351 2915 1397 2979 vt
1414 2906 1541 3000 prima
1565 2905 1847 2992 dissertationis

2 3031 125 3117 parte
147 3027 234 3090 ueto
257 3019 446 3116 capitibus
478 3031 612 3112 egeret
641 3018 680 3112 l)
703 3019 751 3090 de
775 3018 906 3103 annis,
944 3018 1080 3110 quibus
1111 3029 1224 3088 natus
1247 3028 1287 3088 et
1314 3031 1498 3092 mortuus*
1512 3018 1692 3098 videatur
1718 3019 1846 3092 Tibul-

7 3136 92 3224 lus3
129 3131 172 3228 2)
198 3131 246 3205 de
268 3135 351 3207 eius
374 3134 587 3222 umoribus3
626 3133 668 3229 3)
691 3132 895 3230 praecipue
919 3128 967 3202 de
989 3130 1103 3202 Delia
1124 3140 1164 3202 et
1183 3128 1359 3220 Nemesi;
1395 3130 1437 3224 4)
1463 3131 1511 3204 de
1528 3130 1677 3205 Neaera
1694 3145 1734 3205 et
1748 3133 1852 3224 libro

8 3251 221 3344 elegiarum
244 3251 380 3338 tertlo;
411 3249 452 3344 5)
475 3247 523 3320 de
543 3249 691 3332 Diliue,
722 3247 910 3339 Glycerae
933 3256 972 3316 et
998 3243 1171 3318 Neaerae
1195 3247 1390 3341 personis;
1431 3246 1473 3342 6)
1496 3246 1545 3319 de
1567 3246 1703 3320 borum
1724 3250 1848 3322 nomi-

10 3387 107 3456 num
128 3365 252 3438 ouusis
277 3375 316 3435 et
331 3365 494 3456 origiue;
533 3362 573 3458 7)
594 3362 642 3433 de
658 3361 856 3448 Marath03
886 3359 927 3455 8)
947 3359 996 3431 de
1011 3359 1165 3454 Sculpia
1181 3373 1220 3432 et
1233 3361 1323 3432 libri
1339 3362 1465 3454 quarti
1477 3362 1608 3454 elogio
1622 3361 1847 3460 lI—Xll‘).
1936 3459 1937 3462 Ἴ

11 3479 192 3555 Secunda
213 3490 253 3552 et
274 3481 390 3552 tertia
409 3489 520 3576 parte
541 3479 665 3570 vitum
690 3473 834 3547 Tibulli
856 3495 877 3545 a
902 3475 973 3546 sua
994 3474 1187 3547 sententia
1214 3474 1445 3570 descriptam
1468 3487 1508 3547 et
1536 3476 1587 3549 ad
1608 3499 1730 3550 annos
1745 3476 1849 3572 dige-

12 3609 119 3670 stam
140 3596 310 3669 oditurus
332 3605 433 3682 erat,
471 3591 615 3665 additis
638 3591 760 3666 variis
783 3589 1138 3677 obseruationibus,
1164 3590 1297 3676 tabula
1322 3588 1374 3663 ad
1394 3613 1537 3680 annos,
1560 3592 1699 3687 ,quibus
1724 3594 1851 3687 singu.

11 3714 52 3784 la
85 3713 255 3786 camnine
276 3711 419 3806 scripta
444 3710 542 3796 sint,
576 3706 847 3792 declarandos,
878 3703 1148 3777 dissematione
1169 3704 1218 3777 dc
1239 3705 1409 3788 carmine
1430 3709 1662 3800 panegyrico
1684 3709 1726 3778 in
1747 3708 1854 3778 Mass

8 3828 137 3902 salam
161 3827 242 3926 (lib.
259 3825 323 3916 IV,
358 3822 410 3921 l.)
437 3835 477 3896 et
495 3825 716 3921 epimetro.¹
741 3817 838 3895 ¹Hac
863 3821 905 3891 in
927 3821 1151 3914 quaestione
1175 3841 1259 3892 cum
1277 3818 1422 3892 nullum
1445 3831 1709 3912 argumentum
1724 3820 1849 3893 inten-

14 3956 137 4024 tatum
164 3945 327 4031 sineret,
356 3963 403 4014 ee
428 3951 676 4038 peruenerat,
705 3947 751 4012 vt
772 3934 987 4008 nonmodo
1010 3934 1059 4018 do
1081 3935 1227 4027 origine
1250 3946 1289 4006 et
1311 3945 1439 4008 aetate
1463 3935 1643 4029 cuiusque
1667 3937 1848 4008 carminis

14 4057 158 4132 Tibulli
180 4059 363 4146 iudicare,
394 4056 671 4132 verumetiam
694 4055 834 4127 nouam
859 4050 1067 4125 editionem
1092 4071 1229 4124 ornare
1254 4060 1396 4149 posset.
1455 4048 1579 4124 Huius
1603 4051 1726 4144 gratia
1741 4050 1850 4124 eodi-

16 4199 99 4247 cem
126 4175 457 4247 Zwrecsvmusnu
485 4193 572 4244 cum
598 4169 915 4256 berrennice,
952 4188 1052 4258 nunc
1077 4165 1230 4238 scholae
1261 4168 1388 4260 regiae
1413 4166 1627 4240 Grimensis
1655 4165 1847 4256 adiuncto,

15 4289 306 4364 accuratissime
330 4287 456 4362 denuo
478 4287 702 4360 contulerat.
738 4282 797 4386 ‚A
821 4283 973 4356 Tibullo
993 4283 1099 4358 dum
1122 4281 1214 4355 fecit
1229 4282 1284 4355 ad
1305 4282 1472 4379 reliquos
1498 4283 1580 4354 eius
1604 4284 1743 4360 aetatis
1759 4285 1851 4356 scri-

13 4419 162 4506 ptores.
219 4397 599 4492 Adibetlloratiurn,
626 4401 848 4494 Virgilium,
869 4399 1127 4495 Propertium3
1162 4398 1286 4472 obiter
1309 4409 1457 4471 tantum
1477 4394 1719 4487 Ciceronem,
1738 4471 1742 4477 ,
1761 4397 1852 4470 Oui-

12 4524 127 4598 dium
147 4533 187 4594 et
207 4522 394 4617 reliquos,
428 4539 522 4614 quos
548 4517 634 4614 pari
655 4518 804 4589 ratione
830 4516 1010 4611 perlegit,
1040 4515 1096 4586 ita
1123 4525 1169 4589 vt
1192 4514 1240 4587 de
1257 4515 1390 4601 annis,
1418 4513 1466 4587 de
1488 4514 1704 4603 mensibus,
1724 4511 1853 4608 'quid‘l

9 4639 121 4740 quod
143 4637 281 4712 diebus
300 4643 518 4732 quaereret,
546 4629 682 4728 quibus
704 4630 853 4724 singula
871 4652 1003 4702 eorum
1021 4632 1165 4728 scripta
1185 4642 1271 4704 orta
1286 4640 1426 4702 essent.
1468 4627 1638 4702 Nouerat
1653 4632 1757 4704 enim
1772 4650 1852 4700 om-

77 4929 109 4992 *J
135 4923 201 4977 llas
224 4924 272 4976 sla
297 4921 452 4992 procedere
473 4919 564 4974 voluit
587 4917 616 4971 b.
633 4915 795 4984 leonatus,
817 4915 885 4969 licet
913 4915 998 4986 paulo
1021 4911 1165 4970 diuersam
1190 4915 1227 4996 sb
1250 4911 1303 4988 hae
1327 4917 1356 4968 in
1381 4897 1528 4986 prooemio
1553 4916 1589 4968 acl
1608 4901 1717 4982 partem
1735 4891 1854 4978 primam

1 5011 179 5070 lnfflfflffl·
251 5015 256 5022 ·

1400 5051 1501 5152 c‘
