4636 6060
1126 513 1505 584 -ιν-

403 742 570 832 autem,
596 751 701 838 quas
730 725 940 835 Aegyptii
969 725 1018 808 in
1040 721 1280 812 scribendo,
1301 722 1443 807 secuti
1465 735 1582 828 sunt,
1607 748 1695 812 non
1718 723 1809 810 nisi
1832 747 2004 808 summa
2026 745 2128 806 eum
2146 721 2240 808 dif-

402 875 597 966 ficultate
623 870 844 956 enucleari
869 881 1070 979 possunt,
1107 894 1188 952 nec
1214 869 1379 956 nrhnm
1406 881 1494 974 est,
1522 897 1594 954 eas
1624 897 1726 956 cum
1751 869 2076 958 obscurissimis
2099 859 2265 978 placi-'

360 1081 363 1088 -
403 1021 462 1106 tis
499 1017 814 1130 philosophicis
853 1029 898 1100 et
936 1014 1269 1126 mythologicis,
1307 1042 1492 1127 cumque
1520 1019 1718 1102 moribus
1745 1029 1790 1102 et
1813 1017 1906 1101 vita
1935 1014 2067 1098 huius
2095 1017 2243 1102 natio-

403 1168 474 1252 nis
510 1168 669 1251 iutima
705 1164 951 1248 cohaerere.
1018 1163 1118 1271 Ipsa
1155 1162 1472 1270 scripturarum
1510 1165 1726 1249 elementa
1756 1164 1853 1248 siue
1883 1163 2064 1263 literae,
2101 1188 2244 1274 quum

402 1314 451 1396 in
479 1313 621 1396 tribus
644 1311 867 1396 scribendi
892 1309 1126 1422 generibus
1155 1308 1245 1390 siut
1272 1309 1627 1411 diuersissimas,
1653 1312 1702 1394 in
1728 1336 1815 1396 vno
1840 1334 2012 1419 quoque
2034 1331 2245 1408 numero-

404 1459 626 1564 sissimae,
667 1484 884 1550 summam
918 1454 1151 1562 interpreti
1188 1456 1396 1563 praebent
1428 1455 1749 1540 difficultatem.
1799 1453 2034 1542 Praeterea
2061 1481 2245 1564 persua-

403 1631 502 1688 sum
541 1604 656 1688 mihi
690 1605 777 1688 fuit
788 1659 803 1705 ,
841 1603 992 1686 literas
1027 1601 1316 1710 Aegyptiacos
1352 1601 1450 1686 sine
1485 1603 1694 1688 interiori
1730 1627 1781 1686 ac
1817 1599 2032 1686 familiari
2061 1585 2247 1712 liuguae

403 1750 609 1861 Copticae
629 1751 882 1863 cognitione
904 1750 1065 1857 absque
1084 1747 1407 1856 comparatione
1423 1760 1467 1832 et
1483 1774 1565 1833 vsu
1584 1725 2245 1860 manuscriptorum-Aegyptio-

403 1923 509 1984 rtnnt
528 1898 824 2008 plurimorum
852 1921 878 1978 a
905 1894 1082 1978 nemine
1108 1894 1300 1978 feliciter
1328 1895 1507 1980 tractari
1536 1920 1678 2004 posse.

520 2040 642 2142 Quae
669 2069 814 2158 quum
832 2041 895 2125 ita
924 2053 1091 2144 essent,
1120 2041 1270 2124 variae
1297 2042 1573 2150 quaestiones
1602 2038 1717 2126 mihi
1731 2039 2031 2134 instituendae
2040 2039 2245 2147 fuerunt,

404 2192 564 2301 quibus
574 2249 588 2294 ,
623 2189 825 2299 quamuis
855 2188 912 2271 ad
939 2213 1046 2296 opus
1072 2185 1374 2297 Spohnianum
1407 2212 1496 2272 nou
1515 2188 1816 2297 pertinerent,
1855 2186 1977 2272 viam
2002 2185 2117 2278 mihi
2144 2213 2246 2272 mu-

404 2337 575 2440 nirem,
609 2346 738 2445 atque
766 2333 1068 2443 apparatulum
1097 2345 1245 2418 meum
1266 2334 1585 2444 aegyptiacum
1614 2335 1943 2444 quammaxime
1974 2359 2135 2444 augere
2159 2333 2247 2418 ‚de-

404 2485 496 2568 bui.
553 2483 605 2568 lu
633 2482 804 2564 itinere
822 2480 1082 2590 longissimo
1106 2473 1184 2589 per
1199 2478 1395 2581 Italiam,
1424 2480 1798 2592 Francogalliam,
1827 2457 2128 2584 Britanniam,
2142 2477 2248 2564 Ba-

405 2630 572 2714 taviam
604 2623 1002 2735 Germaniamque,
1048 2627 1165 2735 quod
1195 2627 1319 2737 regia
1358 2627 1501 2737 gratia
1535 2628 1731 2736 suscepi,
1758 2627 1978 2712 xsuccessit
2016 2626 2129 2711 mihi
2139 2667 2155 2733 ,
2195 2639 2250 2712 vt

406 2775 560 2862 Musca
594 2772 865 2882 Aegyptiace
898 2783 995 2856 tum
1027 2772 1226 2879 publica,
1263 2785 1359 2856 tum
1387 2772 1583 2881 priuata,
1621 2785 1751 2885 atque
1779 2772 2067 2862 bibliothecas
2092 2771 2250 2884 Copti-

409 2946 482 3006 cas
518 2919 665 3023 adire,
701 2916 957 3002 examinare
997 2913 1143 3028 iisque
1168 2918 1343 3028 penitus
1374 2918 1442 3002 uti
1470 2944 1659 3027 possem.
1717 2920 1896 3031 Vbique
1916 2921 2115 3010 locorum
2142 2947 2251 3006 nac-

408 3081 613 3154 tus-sum
646 3065 839 3148 fautores
877 3089 928 3148 ae
962 3076 1168 3172 patronos
1205 3091 1376 3150 summa
1411 3066 1574 3174 pietate
1589 3068 1837 3171 colendos,
1864 3085 2016 3178 ,neque
2051 3091 2251 3178 uesperam

409 3215 459 3312 in
495 3239 568 3298 me
585 3293 588 3296 ,
605 3203 825 3295 delebitur
849 3212 1065 3304 memoria
1095 3213 1321 3312 virorum,
1358 3211 1435 3322 qui
1459 3211 1698 3318 Venetiae,
1733 3213 2000 3320 Mediolani,
2038 3223 2249 3328 Taurini,

411 3357 615 3460 Genuae,
643 3356 915 3460 Florentiae,
943 3356 1135 3462 Romae,
1162 3357 1365 3466 Neapoli,
1395 3358 1601 3470 Lugduni
1613 3399 1626 3459 ,
1640 3403 1643 3412 Δ
1656 3357 1857 3466 Parisiis,
1867 3363 2094 3473 >bandini
2121 3365 2253 3456 Orro-
2298 3415 2305 3442 ι

409 3507 501 3609 nii,
537 3501 833 3613 cantabrigii‚
876 3502 1087 3612 Lugduni
1121 3502 1410 3611 Batavorum,
1448 3501 1750 3612 Francoiurti,
1789 3509 2035 3618 Monachii,
2073 3515 2252 3602 Vindo-

409 3655 571 3755 bonac,
608 3648 810 3734 Berolini
847 3648 1034 3756 aliisque
1061 3650 1111 3731 in
1139 3652 1320 3748 urbibus
1349 3652 1509 3736 studiis
1538 3653 1650 3736 meis
1680 3654 1990 3748 liberalissime
2018 3685 2253 3748 succurre-

411 3811 550 3886 runt.'
587 3795 891 3882 Felieissimus
920 3793 988 3878 fui
1023 3795 1072 3880 in
1102 3799 1347 3882 scrutandis
1373 3795 1654 3882 bibliothecis
1682 3797 1891 3909 Copticis.
1949 3806 2105 3892 Inueni
2115 3810 2253 3896 euim

407 3946 546 4031 libros
576 3942 817 4051 permultos
842 3941 1098 4052 grauissimi
1125 3944 1373 4055 argumenti
1401 3969 1557 4051 parum
1584 3947 1817 4056 cognitos,
1836 3961 1965 4062 atque
1989 3955 2151 4066 collegi
2169 3981 2253 4050 vo-

408 4092 561 4178 cabula
592 4114 708 4172 nuno
743 4087 1051 4197 Memphitica,
1088 4117 1204 4178 nuuc
1233 4083 1490 4194 Thebaica,
1527 4117 1642 4176 nunc
1673 4093 1989 4184 Baschmurica
2011 4127 2125 4186 noua
2154 4115 2254 4193 tam

408 4239 573 4340 multa,
600 4245 650 4320 vt
674 4235 897 4345 integrum
928 4233 1205 4320 Thesaurum
1231 4236 1410 4346 linguae
1433 4234 1639 4346 Copticae
1664 4240 1883 4328 instruere
1908 4271 2095 4354 possem.
2153 4249 2253 4336 Vc-

408 4382 684 4468 cabularium
711 4407 861 4466 meum
892 4379 1145 4490 Copticum,
1177 4394 1361 4492 quatuor
1390 4384 1688 4470 uoluminibus
1716 4390 2253 4505 amplissimiscoustans,
2289 4495 2290 4498 Ν

394 4529 565 4624 ¹dacem
590 4527 684 4611 iere
706 4528 910 4612 millibus
943 4529 1256 4613 vocabulorum
1284 4531 1606 4639 verborumque
1630 4533 2023 4642 significationibus
2055 4540 2253 4632 diuitior

410 4691 478 4760 est
506 4675 676 4760 Lexico
704 4672 1015 4775 Scholtziano,
1036 4676 1150 4783 quod
1161 4733 1175 4780 ,
1206 4676 1246 4760 si
1272 4675 1369 4762 Deo
1393 4672 1446 4763 0.
1476 4675 1538 4760 Μ.
1567 4679 1802 4786 placuerit,
1834 4685 2082 4793 aliquando
2098 4688 2161 4773 in·
2176 4691 2257 4778 lu·

367 4869 379 4888 „
409 4848 506 4909 cem
519 4823 660 4904 edam.
720 4821 771 4902 hr
785 4819 951 4904 Museis
968 4820 1250 4932 Aegyptiacis
1266 4823 1331 4906 ita
1347 4835 1543 4908 versatus
1561 4849 1673 4932 sum,
1706 4841 1755 4913 vt
1770 4831 1931 4935 omnia,
1953 4858 2065 4941 qnae
2078 4837 2253 4924 studiis

407 4971 519 5058 meis
545 4966 673 5053 vtilia
706 4992 757 5049 ac
789 4968 1034 5054 necessaria
1062 4980 1227 5075 essent,
1255 4971 1353 5056 siue
1382 4971 1679 5079 literaturam,
1707 4975 1806 5062 siue
1830 4975 2064 5100 historiam
2069 5039 2085 5087 ,
2117 4981 2256 5076 chro-
