4636 6060
1151 545 1528 620 ...fi-.-

425 769 581 863 voyage
599 775 668 840 cet.
690 759 797 837 l'onr.
813 759 841 834 l.
865 761 918 834 Pl.
936 756 1003 831 ΙΙΙ.
1028 779 1065 832 n.
1082 763 1117 832 ³.
1142 759 1292 836 Literas
1313 758 1425 836 huius
1446 761 1547 836 tituli
1568 759 1773 836 nonnullas
1791 757 1884 836 inde
1910 783 2067 842 eversu
2092 769 2264 846 secundo

368 883 373 890 ’
426 886 618 983 Spohnius
644 882 841 978 explicare
864 875 1010 953 studuit
1029 899 1066 975 p.
1081 881 1142 950 48.
1164 877 1290 951 volt.
1312 879 1419 976 Spec.
1437 879 1540 953 Vlll.
1604 901 1605 904 ’

524 1003 593 1079 Νο.
611 999 679 1071 llI.
730 997 836 1072 Stolo
858 1019 943 1070 cum
967 996 1218 1094 inscriptione
1239 997 1526 1095 hieroglyphice
1550 1007 1590 1070 et
1615 998 1734 1071 oculis
1759 1005 1895 1094 supra,
1925 1019 2038 1098 qoam
2057 1002 2183 1078 serius
2205 1028 2265 1078 re·

423 1123 508 1218 peri
537 1121 580 1192 in
599 1114 836 1190 Bibliotheca
855 1114 976 1186 ciuica
994 1112 1237 1188 Francofnrti
1260 1115 1310 1189 ad
1330 1116 1382 1189 Μ.
1402 1116 1620 1190 Delinoatio
1644 1116 1765 1188 altero
1779 1127 1889 1211 parte
1905 1119 2030 1212 minor
2043 1132 2103 1193 est
2118 1119 2264 1219 lapide.

522 1236 593 1313 Νο.
616 1233 680 1307 lV.
741 1233 848 1307 Stcla
869 1251 955 1306 cum
980 1233 1229 1329 inscriptione
1255 1233 1544 1332 hieroglyphice
1577 1245 1617 1307 et
1632 1235 1754 1308 ‘nauis
1782 1233 1948 1332 solisque
1975 1238 2106 1334 specle
2130 1261 2264 1338 supra,

366 1345 369 1352 ’
426 1377 539 1451 quem
561 1351 730 1450 lapidem
753 1346 925 1424 eiusdem
950 1347 1225 1446 magnitudinis
1246 1350 1382 1424 eadem
1403 1352 1446 1424 in
1467 1350 1561 1428 vrbe
1582 1352 1748 1448 primum
1769 1349 1864 1428 vidi.

522 1470 583 1544 De
608 1479 769 1567 vtraquc
799 1469 1051 1567 inscriptione
1078 1491 1104 1545 o
1131 1491 1194 1545 rno
1215 1468 1346 1567 lepido
1378 1468 1571 1566 descripta
1591 1482 1632 1545 ct
1659 1483 1829 1554 correcto
1856 1468 1954 1546 nihil
1977 1471 2110 1570 scripti
2134 1471 2264 1574 Spoh·

422 1591 509 1662 nius
536 1587 703 1685 reliquit.

1198 1752 1318 1828 ‘lah
1370 1753 1467 1830 ΧΠ.

308 2015 310 2020 ,
527 1918 730 2019 inscriptio
749 1921 959 1998 Rosettana
981 1873 1129 1998 Greece
1145 1921 1195 1998 ed
1224 1920 1342 1996 fidem
1366 1921 1540 2020 exempli
1561 1918 1778 2004 Monechici
1807 1943 1973 2020 opressa.
2021 1923 2179 2001 literae
2205 1949 2267 2002 ca-

424 2036 497 2114 veo
522 2040 735 2134 significant
759 2041 1028 2140 supplemento
1048 2041 1247 2118 literarum
1260 2040 1550 2140 ¹verborumque
1574 2039 1871 2163 deperditorom.
