4568 6076
1115 517 1519 592 ...w-.-

397 757 470 813 nus
493 743 698 825 vocarunt,
724 731 843 810 indici
867 743 943 823 est,
976 729 1076 808 bunc
1099 743 1250 830 gentem
1271 727 1459 832 peculiari
1488 719 1607 809 modo
1631 753 1677 808 ae
1697 731 1911 811 rationibus
1938 736 2101 812 meretis
2127 737 2194 812 an·
2208 772 2225 803 u
2238 741 2284 811 *s

397 877 512 932 sensa
535 855 778 954 expressisse
796 853 959 950 scriptis.
1009 847 1135 945 Quidl
1161 849 1263 951 quod
1284 841 1506 925 Herodotus
1528 847 1671 927 diserte
1692 861 1876 945 testatur,
1902 853 2004 952 apud

392 975 529 1050 omnia
550 993 596 1048 ac
615 971 765 1066 singula
785 970 898 1045 aliter
916 991 960 1046 se
985 967 1151 1064 babere,
1177 991 1292 1070 quam
1319 966 1422 1066 apud
1436 967 1606 1069 reliquas
1622 971 1814 1047 nationes
1863 971 1947 1063 Qua
1969 971 2019 1048 ds
2038 997 2084 1048 re
2097 977 2235 1050 iuuaui
2276 1034 2284 1047 .

398 1115 464 1182 ea,
497 1113 594 1190 quae
622 1087 672 1164 ad
693 1089 987 1184 intelligentiam
1012 1090 1241 1189 scriptorum
1261 1087 1552 1186 Aegyptiorum,
1577 1091 1660 1165 siue
1685 1089 1895 1183 nemetim,
1929 1091 2015 1165 sius
2045 1091 2272 1190 hieratica,

397 1216 482 1287 siue
507 1208 807 1306 hieroglyphice,
831 1207 978 1284 iaciunt
1004 1229 1049 1284 ac
1068 1209 1284 1309 pertinent,
1309 1203 1361 1282 ad
1382 1227 1524 1302 genera
1551 1207 1739 1308 quaedam
1759 1229 1942 1284 reuocare
1964 1222 2004 1285 et
2023 1211 2254 1307 singulatim

426 1338 642 1406 crtrsctare.
1357 1389 1359 1394 .

398 1354 423 1428 P
498 1445 678 1542 Systema
707 1453 883 1524 veterum
908 1439 1185 1540 Aegyptiorum
1213 1441 1541 1541 hieroglyphicum
1571 1441 1694 1518 tribus
1713 1441 1890 1540 partibus
1916 1456 2085 1536 constat,
2111 1445 2240 1522 Gram-

398 1565 556 1652 matina,
578 1563 725 1638 Lexico
747 1571 862 1658 atque
882 1559 1191 1661 Hieroglypbiea.
1241 1551 1411 1636 Primum
1433 1561 1537 1636 enim
1561 1562 1605 1636 iu
1626 1563 1780 1661 scriptis
1798 1560 2046 1660 Aegyptiacis
2062 1565 2236 1663 managur

397 1683 550 1778 generis
572 1679 826 1754 obstruantur
846 1678 1055 1773 elementa,
1087 1702 1190 1758 nunc
1211 1683 1330 1755 maris
1351 1681 1488 1771 lineis,
1514 1701 1617 1754 nunc
1635 1702 1764 1755 rerum
1790 1678 2153 1768 adumbrationibus
2176 1685 2234 1760 cir·

398 1800 638 1898 cumscripta.
690 1798 858 1890 Quorum
882 1787 1160 1876 elementorum
1184 1811 1242 1892 et,
1266 1817 1364 1898 quae
1392 1798 1442 1874 acl
1463 1819 1511 1871 ea
1529 1799 1743 1897 pertinent,
1765 1799 1950 1875 virtutum
1968 1803 2173 1876 amentiam
2190 1797 2234 1876 di

398 1943 484 1994 cere
505 1920 596 1993 licet
619 1917 930 1992 Grammaticam.
980 1916 1098 1992 Porro
1120 1935 1175 1992 ex
1198 1917 1401 1992 elementis
1427 1917 1548 1994 variis
1569 1928 1745 1994 coemant
1764 1915 1972 2012 vocabula,
1997 1941 2098 2018 quae
2118 1920 2232 1994 litera·

397 2060 483 2112 rum
508 2035 668 2132 syzygia
689 2037 835 2133 pariter
859 2035 909 2110 ad
933 2057 1107 2110 normam
1130 2035 1323 2134 quandam
1346 2035 1523 2110 notiones
1543 2046 1588 2109 'et
1605 2037 1809 2134 primarias
1833 2049 1874 2110 et
1896 2035 2148 2112 secundarius
2173 2041 2231 2136 sig·

397 2158 563 2230 nilieant
613 2154 658 2227 In
680 2153 740 2228 bis
758 2151 983 2249 colligendis
1008 2165 1048 2228 et
1066 2153 1310 2252 explicandis
1329 2165 1508 2231 versatur
1528 2149 1700 2230 boxlmn
1723 2151 2022 2254 Aegyptiacurnc-
2065 2153 2230 2256 Denique

397 2271 715 2370 Hieroglypbices
738 2283 818 2362 est,
845 2293 1043 2370 exponere
1065 2271 1170 2368 loges
1192 2271 1385 2348 scribendi
1408 2283 1489 2346 tum
1511 2291 1596 2364 oss,
1623 2294 1721 2372 quae
1737 2270 1788 2347 de
1812 2285 1896 2348 arte
1918 2271 1967 2348 ml
1991 2275 2230 2370 cogitationes

396 2393 517 2466 animi
537 2391 655 2486 signis
677 2388 952 2488 exprimendas
972 2388 1022 2464 ab
1036 2390 1238 2490 Aegyptiis
1260 2381 1432 2466 adhibita
1450 2389 1493 2464 in
1516 2381 1741 2467 uniuersum
1764 2389 1918 2484 valent3
1944 2404 2024 2466 mm
2041 2415 2124 2487 aas,
2148 2415 2229 2493 quae

395 2509 545 2606 singula
563 2507 755 2585 scribendi
779 2530 938 2605 genera,
964 2505 1216 2601 demetitum,
1242 2508 1347 2603 dico,
1373 2507 1601 2584 hieraticum
1627 2521 1667 2583 et
1683 2507 2028 2608 hieroglyphicunr‚
2050 2523 2229 2612 spectant

397 2641 478 2704 turn
511 2649 596 2720 aas,
625 2649 724 2725 quae
747 2625 966 2722 singulatim
985 2627 1026 2700 in
1042 2627 1230 2702 vocabula
1248 2629 1332 2702 siue
1354 2628 1556 2702 notionum
1577 2625 1725 2702 indices
1747 2628 1868 2704 veluti
1892 2651 2054 2728 corpora
2086 2629 2229 2721 cadunt
2283 2622 2284 2633 '

397 2758 478 2820 tum
509 2743 678 2843 denique
711 2764 797 2836 eas,
836 2765 934 2844 quae
966 2741 1017 2817 ad
1045 2745 1319 2820 vocabulorum
1355 2745 1548 2819 elementa
1578 2757 1762 2846 tanquam
1792 2747 1999 2846 particulas
2037 2751 2229 2845 pertinent

397 2862 484 2940 Hac
505 2865 584 2938 iam
611 2873 700 2937 suut
724 2875 855 2960 partes
879 2863 1099 2958 systematis
1118 2859 1418 2960 hieroglyphici‚
1453 2857 1555 2963 quod
1578 2861 1727 2959 dicunt,
1754 2865 1819 2942 vel
1839 2855 2076 2961 Philologiae
2094 2869 2231 2968 Aegyp

398 2983 544 3074 bacae,
585 2995 700 3082 atque
727 2982 762 3054 is
794 2991 854 3054 est
889 2977 1103 3055 studiorum
1132 2991 1350 3056 nostrorum
1382 2981 1488 3072 linis,
1534 2993 1597 3074 vt,
1631 3004 1710 3060 vno
1748 2983 1872 3060 verbo
1897 2981 2044 3077 (licam,
2075 2989 2231 3084 perlecta

398 3099 675 3190 Grammatiea,
703 3098 916 3197 perlectum
945 3099 1134 3176 Lexicum
1161 3111 1275 3198 atqua
1300 3099 1472 3197 perlecta
1496 3110 1537 3174 st
1560 3098 1736 3177 absoluta
1766 3101 2065 3202 Hieroglypbiee
2093 3103 2229 3202 Aegyp

397 3221 498 3296 tiaea
519 3215 725 3316 aliquando
749 3217 932 3292 oriantur.
1900 3237 1903 3242 ¹

494 3336 617 3428 Quam
647 3346 791 3410 metam
818 3353 1006 3409 summam
1036 3354 1081 3409 sc
1106 3333 1367 3432 longissimam
1399 3335 1552 3434 assequi
1579 3355 1657 3418 nou
1686 3336 1802 3413 vuius
1825 3348 1886 3411 est
1912 3335 2081 3413 hominis
2110 3333 2229 3438 neque,

396 3457 455 3550 vti
480 3454 672 3552 cognitum
698 3463 738 3525 et
758 3463 1002 3550 perspectum
1036 3449 1180 3547 babeo,
1213 3455 1329 3530 unius
1356 3455 1505 3528 astatis.
1564 3453 1662 3530 Sunt
1691 3466 1820 3530 tamen
1848 3473 1926 3550 stop
1949 3459 2083 3552 psum,
2121 3457 2229 3556 quiin

396 3573 497 3648 bunc
525 3571 752 3646 curriculum
778 3569 1058 3646 descenderent
1084 3591 1250 3672 suosque
1268 3592 1406 3670 passus
1436 3571 1626 3666 iacerent,
1659 3585 1740 3648 turn
1765 3575 1867 3650 inter
1901 3586 2056 3650 veteres
2081 3573 2229 3649 indeab
2268 3580 2270 3583 ’

398 3692 557 3766 interitu
576 3690 773 3764 literarum
800 3688 1142 3789 Aegyptiacorum,
1165 3703 1211 3766 vt
1232 3690 1458 3782 liutherus,
1488 3689 1799 3792 Zoegaaliique,
1828 3703 1910 3766 tum
1932 3691 2034 3768 iuter
2058 3695 2228 3768 recensio
2261 3713 2263 3721 ’

398 3832 483 3903 res,
505 3809 622 3887 vtDe
637 3807 756 3903 sacy,
781 3805 1063 3901 Ackerblatius,
1086 3807 1291 3906 Youuglus,
1316 3808 1641 3907 Cbampolliouus,
1666 3811 1951 3906 Kosegartenus
1969 3811 2128 3909 aliique,
2155 3833 2228 3910 quo

396 3951 483 4004 rum
509 3927 682 4004 virortmr
709 3928 870 4002 inuenta
896 3928 1055 4025 propria
1083 3940 1124 4002 st
1148 3949 1372 4028 progressus
1399 3939 1611 4024 systemata
1638 3949 1770 4003 eorum
1802 3925 2090 4027 hieroglyphice
2117 3928 2229 4004 dicere
2264 3927 2266 3986 ἕ

396 4046 550 4143 placuit
601 4042 725 4138 Quum
750 4045 855 4118 enim
878 4045 966 4119 linis
993 4044 1192 4121 literarum
1213 4045 1535 4144 Aegyptiacorum
1564 4043 1854 4122 obscurissimus
1881 4047 2117 4146 summisque
2150 4043 2229 4122 utu

398 4161 601 4239 cultatibus
623 4159 832 4262 impeditus
851 4162 918 4256 sit,
945 4185 1022 4238 non
1049 4163 1140 4240 licet
1160 4167 1312 4256 mirari,
1333 4165 1462 4257 ¹ulios,
1496 4176 1541 4240 vt
1562 4163 1788 4240 Kircberum
1812 4177 2055 4264 ceterosque,
2085 4174 2229 4264 quorum

396 4293 609 4376 systemata
628 4279 773 4356 dudum
800 4280 965 4379 explosa
985 4295 1091 4376 suut,
1115 4281 1305 4381 planede
1331 4285 1399 4360 via
1419 4281 1589 4358 deiectos
1612 4303 1715 4375 esse;
1740 4281 1858 4375 alios,
1881 4285 2055 4358 maxime
2077 4297 2165 4384 post
2183 4273 2229 4358 ui-
2269 4362 2271 4365 ,

395 4400 644 4497 scriptionem
666 4401 913 4476 Rosettonam
942 4399 1163 4493 iuuentam,
1194 4385 1294 4477 nunc
1322 4401 1463 4477 rectlm
1490 4403 1745 4500 processisse,
1778 4423 1880 4476 nunc
1908 4402 2058 4498 longius
2080 4387 2227 4502 a‘scopo
2283 4424 2284 4501 j

395 4518 607 4594 aberrasse.
657 4515 780 4594 Nemo
803 4519 906 4592 enim
928 4517 1027 4593 adeo
1050 4517 1147 4594 ielix
1165 4520 1256 4612 luit,
1286 4519 1379 4617 quin
1401 4517 1600 4594 emendari
1628 4530 1668 4594 et
1691 4517 1740 4594 ab
1761 4517 1842 4595 vlla
1861 4531 1976 4618 parte
2007 4519 2227 4619 vituperium
2283 4506 2284 4539 ⁷

395 4635 525 4712 subire
546 4635 697 4712 debeat
747 4633 835 4712 Non
855 4635 968 4712 buius
1002 4649 1062 4713 est
1086 4636 1182 4733 loci,
1210 4649 1421 4736 systemata
1440 4639 1696 4715 recentiorum
1720 4635 2007 4735 hieroglyphice
2029 4644 2160 4716 omnia
2177 4661 2226 4718 ss·
2265 4695 2266 4698 a

397 4747 565 4830 curatius
586 4749 829 4852 expender03
847 4753 922 4830 sou
947 4752 990 4828 id
1010 4775 1141 4831 meum
1164 4767 1224 4832 est
1243 4754 1429 4850 officium,
1452 4769 1498 4833 vt
1522 4777 1623 4831 nune
1641 4753 1797 4833 vberius
1817 4770 1857 4830 et
1876 4757 2016 4834 clarius
2032 4777 2229 4858 exponant-
2267 4749 2268 4752 ‘

398 4873 509 4971 quale
529 4873 580 4949 sit
600 4885 771 4970 systema
785 4872 1070 4972 Spobnianum‚
1092 4877 1176 4950 siue
1190 4874 1282 4974 quid
1300 4876 1434 4951 beatus
1449 4877 1594 4950 mnicus
1610 4876 1805 4950 inuenerit
1818 4872 1869 4949 de
1889 4875 2056 4973 legibus,
2083 4875 2133 4952 ad
2147 4895 2225 4974 quas

397 5003 551 5074 veteres
564 4989 745 5092 Aegyptii
763 4991 1012 5086 cogitationes
1036 5013 1124 5072 suas
1144 4995 1471 5094 consignaucsiut,
1496 4990 1589 5096 quid
1607 4992 1658 5069 da
1674 4992 1798 5073 literis
1818 4993 1883 5072 vel
1904 4995 2109 5073 elementis
2126 4996 2223 5091 scrip
