4576 6054
68 827 205 900 Etiam
224 817 323 898 lluro
343 817 404 895 de*
420 819 578 912 Fertor,
613 809 872 898 Cincellarius
900 815 1204 892 mne-zizensis*-
1222 821 1498 916 atguml’orta'e
1518 823 1735 920 Inspeetor',
1764 833 1908 900 uteret

68 942 267 1016 bimorum
292 941 420 1013 fautor
444 951 557 1036 atque
577 939 824 1031 ingeniorum
838 935 1373 1023 excellentiumaes'timator,
1396 938 1453 1008 ita
1475 937 1658 1012 Srorlruo
1682 940 1909 1014 beneuolen-

70 1058 168 1130 tiam
190 1055 432 1151 studiumque
457 1053 836 1151 suum'prses'tebah
870 1051 997 1124 liuius
1010 1053 1077 1123 'rei
1099 1051 1202 1124 adeo·
1218 1055 1369 1128 memor
1383 1052 1457 1124 luit
1478 1053 1559 1125 eius
1584 1057 1731 1148 pictas,
1761 1067 1805 1133 vt
1819 1057 1906 1131 virs

69 1149 383 1265 generosissimo,
408 1169 592 1242 *Praesidl
618 1169 721 1241 lbcto
752 1167 903 1259 collegii
922 1167 1111 1262 supremi,
1141 1189 1203 1238 res
1219 1189 1350 1239 sacras
1375 1167 1768 1265 et'scholasticasper
1783 1172 1908 1246 Saxo·

54 1289 178 1361 niam
211 1287 402 1372 curintis,
436 1261 575 1358 librum
593 1285 706 1356 multi
726 1283 875 1355 liboris
892 1294 931 1352 et
952 1283 1140 1354 acuminis
1172 1282 1462 1356 eteruditionis
1486 1284 1607 1356 multo
1624 1295 1795 1379 tempore
1819 1299 1909 1382 post

67 1403 317 1488 inscriberet,
345 1423 420 1496 quo
432 1401 562 1474 nescio
587 1422 636 1472 an
659 1400 776 1486 aliis,
796 1396 1022 1488 huiusmodi*
1036 1395 1323 1470 benefactorum
1344 1400 1532 1486 memoria
1553 1399 1791 1473 effluxisset«
1834 1401 1907 1475 His

68 1520 177 1590 enim
200 1517 330 1592 verbis
355 1519 446 1616 ‘vsus
470 1527 548 1591 est:
584 1536 663 1603 „ex
685 1517 768 1609 'quo
789 1499 1050 1610 primumtibi
1073 1513 1367 1601 innotui,irihil
1396 1513 1593 1588 ardentius
1616 1517 1766 1609 optaui,
1794 1535 1907 1609 quam

65 1645 117 1708 vt
140 1633 235 1704 mihi
260 1630 467 1726 aliquando
493 1632 713 1724 ct'rrrtingut,¹
741 1635 786 1703 vt'
811 1630 930 1704 uircs'·
942 1633 1145 1716 exercere,
1178 1628 1250 1700 tibi
1270 1643 1366 1703 vers
1383 1651 1430 1702 ea
1446 1653 1489 1702 re
1503 1631 1680 1703 'animum
1695 1641 1846 1724 gratum
1868 1644 1908 1704 et

66 1749 177 1845 pium
201 1749 348 1843 possim
368 1745 710 1842 comprobare‘ti).
754 1773 759 1814 ι
847 1773 852 1782 ·
889 1761 916 1814 ,“
1190 1777 1192 1784 v
1260 1773 1262 1780 ·
1658 1765 1661 1770 ¹
1889 1807 1892 1816 ,

156 1860 270 1934 Auno
293 1862 405 1934 huius
426 1863 567 1934 sacculi
588 1860 757 1949 decimo,
788 1863 927 1934 uetans
943 1873 1079 1934 octauo
1095 1872 1134 1934 et
1157 1861 1306 1934 decimo
1327 1865 1367 1934 in
1390 1862 1908 1960 Academiamviteherges

69 1999 172 2066 sem,
198 1978 272 2054 vbi
289 1981 414 2050 mater
434 1977 630 2072 degebat,
653 1983 705 2050 s'e
720 1979 904 2066 contulit,
932 1979 1069 2073 primis
1095 1978 1292 2052 doctrinae
1318 1979 1761 2076 eruditionisqueacque
1794 1993 1907 2076 atque

67 2115 219 2168 morum
241 2093 418 2166 laudibus
443 2116 467 2166 a
488 2095 693 2187 magistris
707 2093 924 2186 insignitus.
979 2093 1253 2167 Multa-seeum
1278 2097 1507 2192 apportabat
1532 2098 1907 2190 egregia,aliacu1n

69 2209 161 2282 aliis
184 2211 420 2300 eommrmia,
452 2211 530 2282 alia
545 2209 813 2306 oibiproprio.¹
861 2205 956 2282 Cum
971 2210 1058 2282 aliis
1072 2207 1256 2282 afferebat
1270 2212 1487 2303 generalem
1507 2215 1737 2310 scriptorum
1751 2213 1908 2286 Latino·

69 2341 157 2396 rum
185 2337 225 2396 et
240 2327 475 2398 Graecorum
496 2327 694 2413 notitiam,
717 2325 931 2418 linguarum
947 2327 1203 2418 cognitionem
1215 2325 1355 2398 harum
1379 2325 1460 2396 fere
1483 2327 1714 2422 perlectam,
1743 2329 1906 2400 aliarum

64 2438 398 2532 *haud‘vulgarem
409 2455 411 2460 ·
424 2441 719 2533 intelligentiam
733 2440 944 2534 uigentem,
961 2441 1187 2512 memoriam
1204 2441 1370 2536 amplam
1388 2443 1631 2536 firmamque,
1660 2443 1831 2514 animum
1856 2441 1908 2515 ad

67 2554 344 2650 explicandum
366 2554 536 2644 uberem,
558 2563 787 2652 quamquam
813 2555 929 2648 inhis
943 2556 1060 2626 etiam
1085 2554 1299 2643 eminebat,
1336 2555 1533 2628 doctrinae
1557 2556 1781 2643 subtilitate,
1801 2579 1907 2630 men-

70 2671 125 2742 tis
141 2670 346 2744 ,alacritate
371 2683 410 2742 et
425 2671 630 2760 facilitate,
656 2672 801 2764 ingenii
818 2671 993 2744 acumine
1014 2692 1268 2766 sensuumque
1287 2670 1465 2746 candore.
1525 2671 1736 2765 Singularis
1759 2683 1843 2744 erat
1864 2672 1907 2744 in

58 2781 224 2859 tribusr'
245 2787 750 2882 retrtuaanimilacultate,
779 2786 990 2884 eupiditate
1005 2787 1243 2883 principatus
1267 2787 1772 2862 etistudiorumconstrntia.
1799 2786 1906 2860 Haec

61 2899 224 2995 quidem
246 2901 370 2972 virtus
394 2903 481 2986 siin
493 2914 658 2976 neutrae
668 2904 914 2998 promenus·
929 2924 1009 2974 nen
1023 2903 1263 2989 irrhasoatur,
1291 2905 1591 2996 ingeniosissimi
1609 2905 1767 2977 iuuenes
1785 2903 1906 2980 medi·
1975 2983 1978 2992 ,

53 3013 269 3088 -ecritatem
287 3035 373 3085 ¹ntur
393 3015 596 3088 excedent.
655 3016 887 3106 'l'beologlao
907 3015 1168 3086 remendare
1193 3029 1355 3088 uouerat
1379 3030 1491 3110 atquo
1512 3017 1648 3109 dignus
1673 3021 1755 3090 fieri
1778 3021 1906 3114 eupit·

7 3131 10 3134 ’
64 3131 134 3202 bat
163 3127 391 3201 Professum
420 3130 618 3204 literarum
647 3129 1024 3223 orientaliumque
1053 3128 1257 3220 ingonem
1283 3141 1322 3202 et
1350 3141 1461 3226 pater
1481 3142 1521 3203 ct
1545 3133 1705 3205 vitricus
1726 3133 1904 3206 maxima

64 3235 289 3318 cumlaude
311 3246 459 3318 versati
479 3255 602 3317 crant.
639 3245 806 3330 'Patrius
832 3244 947 3316 'onim⁴
961 3244 1125 3319 virtutes
1146 3245 1312 3338 primum
1333 3245 1583 3338 intelligimus
1611 3258 1650 3319 et
1671 3248 1905 3324 uolumuset

64 3359 299 3433 affeemmus.
341 3357 627 3454 Frequentabat
639 3357 832 3433 auditoria
847 3355 1120 3455 splendissime
1139 3356 1362 3448 Nmzscuu,
1380 3360 1688 3450 'Sonusvsusen
1716 3361 1906 3438 'luscum-

58 3473 438 3563 ser1;···souor·ru‚
477 3472 676 3561 Wrnzaru,
714 3471 944 3562 morosum
972 3470 1162 3562 tractabat
1184 3475 1443 3566 exegeticam,
1481 3476 1683 3552 historiam
1705 3479 1902 3570 ecclesiae,

63 3589 320 3682 domesticam
340 3588 516 3683 aliasque
537 3589 673 3664 literas
692 3610 833 3664 sarran
893 3586 1085 3660 Omnibus
1104 3588 1151 3660 in
1168 3587 1343 3662 bisadoc
1358 3591 1594 3684 profecerat,
1619 3605 1683 3684 vt,
1712 3616 1798 3668 cum
1814 3595 1904 3690 Lip-

62 3707 168 3780 siam
193 3707 366 3780 renosco
382 3716 508 3800 atque
533 3704 698 3778 Karalus
728 3702 781 3776 -v,
806 3700 918 3778 Η.
939 3715 1013 3776 :om
1039 3700 1217 3777 haesita
1239 3701 1499 3802 discessisset,
1526 3709 1737 3798 cogitarent
1757 3711 1803 3795 ii,
1837 3711 1903 3804 qui

60 3821 235 3894 S'roumt
263 3820 579 3916 studia‘pristina
605 3827 904 3916 perspexerunt,
933 3816 983 3889 de
1007 3837 1053 3890 oo
1076 3817 1118 3888 in
1141 3817 1323 3890 cathedra
1345 3841 1468 3893 vacua
1488 3819 1670 3909 locando,
1697 3820 1798 3916 quod
1821 3845 1902 3896 mo

61 3935 296 4010 destissirnis
333 3935 464 4011 verbis
485 3937 689 4008 recusauit.
752 3935 904 4008 Literas
932 3931 1136 4008 Semiticus
1166 3953 1263 4012 mox
1293 3934 1370 4030 nisi
1398 3935 1551 4023 reiecit,
1587 3948 1690 4008 certe
1713 3937 1898 4030 neglexit.

61 4052 148 4126 Sibi
171 4052 336 4123 enimin
361 4052 531 4123 animum
555 4051 850 4138 informauerat,
880 4049 1114 4141 has'linguas
1129 4049 1386 4146 nonnisiope
1404 4049 1773 4142 Samscridamicae,
1793 4055 1900 4130 euius

53 4166 196 4242 'laudm
211 4179 301 4242 tuuc
314 4165 428 4242 valdo
444 4165 706 4255 metabantur,
734 4165 937 4246 exhauriri
952 4185 1076 4258 posse,-
1092 4174 1205 4259 eoque
1220 4163 1418 4255 credebat,
1443 4189 1529 4242 curn
1544 4165 1595 4240 ad
1613 4189 1700 4242 eam
1717 4169 1815 4246 bone
1827 4167 1899 4244 ad·
1957 4256 1959 4258 ,

57 4281 288 4358 ducendam
312 4294 471 4380 propter
491 4281 674 4358 librorum
700 4284 900 4358 raritatem
920 4281 1163 4378 pretiumque
1181 4281 1231 4356 in
1246 4279 1424 4375 Angllem
1448 4282 1534 4356 sibi
1549 4283 1716 4360 eundum
1732 4299 1898 4383 putaret,

57 4407 155 4474 reni
168 4421 281 4474 suam
300 4399 420 4472 tanus
440 4398 626 4494 impensis
651 4420 730 4472 non
751 4397 956 4474 sufficeres:
987 4395 1152 4472 *Interim
1178 4395 1429 4475 humaniores
1440 4398 1572 4472 literas
1591 4411 1741 4474 tantum
1764 4403 1899 4478 aberat

58 4526 109 4592 vt
129 4499 315 4602 secundo,
346 4525 391 4589 vt
411 4514 536 4608 primo
562 4513 645 4586 loco
659 4513 830 4588 haberet.
855 4549 859 4562 =
886 4511 1085 4586 Serrtiebat
1099 4513 1216 4600 enim,
1240 4515 1433 4588 neminem
1451 4534 1564 4612 posse
1585 4519 1774 4610 egregium
1792 4518 1898 4590 theo·-

56 4617 190 4725 logum
214 4631 314 4716 lieri,
345 4630 419 4702 nisi
441 4628 678 4725 philologum
697 4629 901 4722 egregium.
966 4628 1155 4700 Intererat
1178 4627 1320 4706 scholis
1342 4630 1767 4721 hermentionem,
1797 4633 1898 4706 l‘os·

49 4758 213 4833 ,urztr,*
243 4747 307 4840 oui
341 4759 496 4820 sunum
516 4767 605 4818 oum
626 4743 845 4820 auditorum
872 4738 1133 4820 admiratione
1155 4755 1205 4816 et¹
1220 4743 1435 4840 frequentia
1465 4748 1528 4820 ille
1555 4746 1820 4841 philologiam,
1855 4748 1897 4823 hi
2025 4805 2026 4808 a

118 4995 241 5090 ’ΠΨ
254 4992 362 5050 §roam
379 4993 580 5056 morato
601 4987 955 5064 torminso'uyssm
969 5001 1061 5064 pam.
1074 5053 1076 5056 ,
1091 4993 1173 5064 ‚bips
1185 4993 1378 5084 -lsslsssfflv
1389 4997 1455 5064 pagi
1472 4993 1502 5048 3.
1570 5039 1574 5046 .
1885 4984 1891 5002 ’“
