4568 6076
636 1513 741 1612 §.1.
816 1511 1222 1592 Introductis

66 1749 197 1811 stema
222 1747 396 1811 veterum
421 1734 697 1832 Aegyptiorum
723 1733 1068 1833 hieroglyphicum,
1095 1738 1195 1836 quod
1220 1737 1369 1829 dicitur,
1396 1750 1456 1811 est
1481 1755 1631 1812 summa
1653 1731 1776 1824 legum
1804 1749 1848 1799 ae

66 1856 240 1944 solarum,
267 1851 317 1927 ad
344 1876 438 1952 quas
463 1853 557 1926 haec
580 1855 686 1927 natio
720 1856 840 1927 animi
874 1877 988 1928 sensa
1022 1856 1083 1929 vel
1117 1859 1365 1952 cogitationes
1398 1861 1516 1952 signis
1549 1878 1593 1928 ac
1627 1850 1750 1924 literis
1777 1871 1846 1919 ex-

66 1976 156 2047 asit.
180 1973 331 2046 Etenim
343 1971 616 2070 Aegyptiorum
632 1972 920 2069 hieroglyphice
935 1972 1111 2046 dicuntur
1126 1967 1385 2050 sensu'latiori
1400 1977 1524 2051 ornnis
1539 1972 1689 2070 generis
1704 1971 1846 2064 scripta

66 2095 169 2190 iquo-
195 2113 303 2165 more
342 2103 382 2164 et
409 2113 480 2165 vsu
513 2091 556 2164 in·
589 2089 765 2187 Aegypto
804 2105 905 2182 orta,
953 2093 1036 2166 siue
1075 2095 1154 2167 sint
1185 2095 1395 2186 demotica,
1444 2096 1507 2172 vel
1545 2089 1743 2175 enchoria,
1782 2085 1845 2160 vel

68 2209 367 2305 stelographica,
404 2208 468 2284 vel
491 2209 681 2304 vulgaria3
711 2210 794 2282 siue
818 2209 1020 2300 hieratica,
1055 2213 1118 2287 vel
1146 2214 1422 2304 sacerdotalem
1455 2216 1556 2303 siue,
1595 2231 1693 2306 quae
1719 2227 1847 2279 rerum

66 2331 131 2403 tris
160 2339 326 2416 constat,
352 2325 656 2424 hieroglyphica,
682 2328 837 2425 proprie
860 2331 916 2403 sic
941 2329 1053 2404 dicta.
1105 2331 1248 2406 Omnes
1275 2347 1402 2406 autem
1429 2331 1562 2429 populi
1585 2341 1756 2415 veteres,
1783 2324 1846 2420 qui

66 2452 145 2548 ipta
166 2433 420 2544 reliquerunt,
447 2444 629 2543 quasdam
656 2445 758 2539 legen
784 2469 828 2518 ac
855 2448 1004 2541 regulas
1030 2450 1150 2522 secuti
1178 2465 1267 2525 sunt
1293 2451 1503 2525 scribendo.
1555 2448 1618 2522 Sic
1645 2443 1782 2518 Graeci
1805 2443 1847 2512 in
1912 2455 1915 2462 ’

66 2564 296 2656 ;ίιιιιίοιιί[ιιιι
331 2564 619 2658 consignandis,
650 2564 772 2638 veluti
808 2562 1080 2661 depingendis,
1113 2569 1169 2641 ita
1194 2571 1339 2645 versati
1361 2582 1468 2660 sunt,
1501 2579 1545 2642 vt
1568 2561 1846 2660 antiquissimis

66 2681 238 2785 oporibus
263 2703 378 2754 sorios
411 2680 562 2776 linguae
587 2683 736 2778 patriae
769 2705 869 2756 tinne
899 2681 1090 2777 sedecim,
1123 2710 1225 2761 nunc
1257 2687 1542 2783 duodeuiginti,
1578 2704 1677 2758 nunc
1708 2679 1845 2774 viginti
1957 2681 1960 2686 ’

66 2830 95 2897 ι,
128 2825 230 2877 nunc
254 2800 385 2898 plures
408 2797 570 2878 subinde
593 2803 695 2874 inter
720 2822 762 2874 se
786 2797 1061 2895 discernerent,
1088 2805 1325 2906 totidemque
1352 2809 1490 2906 signis,
1521 2807 1603 2879 siue
1629 2801 1751 2874 literis
1773 2821 1844 2872 ex·

66 2932 211 3030 merent
230 2914 273 3014 ¹).
317 2913 495 2992 inuentis
517 2918 640 2993 literis
666 2918 949 3016 simplicissime
974 2943 1088 2994 sonus
1113 2926 1387 2999 vocabulorum
1410 2923 1703 3001 vernaculorum
1721 2918 1846 3010 singu-

86 3041 267 3136 deinceps
291 3039 545 3135 scripserunt,
578 3057 727 3109 trunca
761 3037 916 3111 sinistra
942 3035 1122 3114 dextram
1155 3064 1309 3132 versus,
1341 3068 1441 3118 rirrnc
1466 3046 1553 3120 vice
1578 3059 1708 3126 versa;
1742 3055 1844 3106 nrrnc
1884 3047 1885 3052 ’

65 3159 203 3234 iunctis
237 3156 368 3233 verbis
399 3177 501 3228 nunc
533 3155 744 3227 coniunctis
774 3156 815 3228 in
842 3179 1024 3232 versuum
1057 3162 1177 3251 serie3
1215 3183 1316 3235 nunc
1352 3163 1478 3262 plenis
1511 3154 1709 3238 vocabulis
1742 3173 1843 3236 nunc

66 3276 259 3376 opendiis,
285 3275 409 3370 siglis,
440 3273 566 3362 notis,
598 3273 769 3346 nurneris
790 3271 991 3366 adhibitis,
1018 3278 1176 3374 eiusque
1201 3283 1352 3372 generis
1378 3283 1475 3355 aliis.
1534 3278 1640 3369 Quae
1668 3274 1772 3366 leges
1797 3268 1843 3341 li-

66 3409 190 3474 sturac
212 3393 382 3467 Graecae
407 3390 622 3490 peculiares
647 3404 817 3486 systema
846 3393 1076 3468 Graecorum
1104 3395 1432 3497 hieroglyphicum
1457 3398 1533 3472 dici
1551 3403 1725 3494 possent,
1748 3389 1782 3462 si
1798 3386 1842 3458 li-

66 3539 100 3591 cs
124 3515 290 3588 Graecas
315 3507 686 3606 hieroglyphicorutn
713 3511 869 3584 nomine
895 3511 1029 3586 liceret
1051 3515 1246 3609 insignire.
1297 3521 1477 3615 systema
1499 3537 1595 3592 vero
1620 3509 1839 3607 graphicum

66 3655 187 3710 recum
211 3630 388 3729 plurimis
410 3627 580 3702 numeris
607 3626 736 3702 differt
759 3627 807 3701 ab
822 3627 1080 3726 Aegyptiace,
1106 3647 1145 3707 et
1171 3636 1317 3710 ambitu
1343 3651 1382 3710 et
1409 3636 1618 3712 subtilitate
1641 3642 1681 3703 et
1706 3627 1839 3700 obscu-

66 3766 111 3828 .te
137 3761 176 3823 et
201 3750 290 3823 aliis
314 3746 439 3822 rebus,
488 3745 562 3836 Qui
587 3745 692 3819 enim
722 3746 855 3821 literas
882 3748 1048 3823 Graecas
1082 3750 1184 3826 haud
1215 3777 1439 3830 numerosas
1465 3755 1683 3847 formasque
1717 3763 1840 3839 gram·

66 3868 195 3948 ticales
220 3867 392 3956 nouerit,
417 3865 451 3938 is
475 3886 545 3939 vsu
567 3863 705 3957 lexici,
727 3866 805 3938 iam
831 3888 855 3939 u
881 3866 1074 3942 veteribus
1100 3872 1296 3963 instructi,
1333 3873 1575 3970 paucissimis
1607 3864 1749 3960 regulis
1773 3857 1838 3932 ob-

66 3983 217 4078 oandis,
247 3986 326 4059 iam
351 3983 457 4059 valet
481 3981 531 4055 ad
555 3981 674 4057 libros
701 3984 868 4058 Graecos
894 4008 1032 4081 magna
1054 4011 1108 4061 ex
1140 4001 1250 4085 parte
1278 3989 1549 4087 intelligendos
1574 4001 1613 4062 ct
1642 3984 1840 4083 explican-

66 4164 76 4184 .
130 4105 282 4182 Literae
297 4101 554 4198 Aegyptiacae
568 4122 668 4175 ,vero
689 4100 801 4196 lunge
824 4104 1050 4199 ampliorem
1076 4119 1116 4180 et
1141 4105 1378 4186 subtiliorem
1402 4111 1684 4184 institutionem
1709 4099 1837 4198 requi·

68 4240 96 4301 t.
130 4223 238 4298 ''l'ria
264 4223 367 4318 enim
392 4229 481 4294 sunt
502 4216 604 4314 apud
623 4217 832 4316 Aegyptios
861 4221 1053 4296 scribendi
1077 4227 1516 4322 generadiuersissima,
1542 4247 1700 4324 quorum
1719 4216 1838 4318 qnod·
1871 4321 1872 4326 Ἰ

80 4345 162 4418 fere
187 4339 400 4414 innumeris
425 4337 543 4432 signis
566 4360 609 4413 ac
634 4338 757 4410 literis
779 4341 919 4438 partim
947 4343 1153 4437 similibus,
1174 4348 1316 4444 partim
1340 4347 1592 4423 dissimilibus
1618 4355 1658 4416 et
1677 4343 1780 4415 inter
1796 4359 1838 4410 se

66 4463 161 4538 ersis
186 4469 346 4533 cunstat
398 4456 602 4532 Praeterea
626 4457 811 4550 linguam,
846 4481 919 4556 qua
940 4458 1123 4561 Aegyptii
1154 4467 1403 4562 scripserunt,
1435 4490 1560 4565 neque
1590 4459 1685 4538 satis
1712 4456 1837 4551 cogni-

66 4606 75 4655 ι
92 4602 189 4669 esse,
207 4599 332 4674 neque
347 4576 504 4651 Lexicis
520 4590 560 4649 et
576 4576 844 4650 Grammaticis
863 4578 1070 4674 explicari,
1093 4580 1194 4655 inter
1208 4607 1341 4659 ornnes
1357 4598 1515 4660 constat
1566 4582 1691 4678 Atque
1709 4581 1833 4674 ipsum

66 4696 366 4796 roglyphicorum
399 4715 560 4788 nomen,
591 4717 665 4792 quo
689 4694 828 4768 Graeci
859 4707 898 4770 et
922 4695 1050 4772 Latini
1083 4711 1122 4775 et
1146 4701 1328 4800 Aegyptii
1352 4705 1431 4804 ipsi
1452 4705 1524 4780 hoc
1553 4693 1747 4778 scribendi
1772 4715 1833 4787 ge«
1874 4713 1879 4728 ·

66 4867 378 4888 ffl———t

82 4967 113 5047 l)
135 4965 201 5026 virt.
223 4966 328 5040 librum
349 4981 463 5024 mcum:
501 4963 547 5023 De
568 4963 648 5022 sonis
671 4965 819 5024 literarum
842 4965 1019 5028 Graecorum
1042 4980 1102 5030 tum
1125 4975 1260 5052 genuini·
1288 4986 1348 5042 tum
1371 4976 1534 5052 adoption,
1562 4990 1628 5030 cum
1654 4961 1833 5044 noningenta·
1867 4977 1870 4990 ¹

66 5052 133 5112 ede
154 5051 247 5108 literis
269 5048 446 5109 Graecorum
469 5047 592 5154 qubiude
614 5049 728 5107 usitatis
750 5061 836 5127 atque
859 5055 981 5126 epistola
1003 5053 1350 5120 Godolredillermanni.
1380 5061 1495 5137 Lipsiae
1511 5060 1603 5117 1824.
1626 5074 1654 5134 p.
1670 5055 1730 5112 bil
1750 5067 1831 5128 seqq·
1873 5073 1876 5080 ι
