4576 6054
70 1335 189 1467 Non
228 1396 395 1470 alienum
431 1407 491 1470 est
519 1394 567 1470 ab
596 1394 668 1468 hoc
698 1415 814 1492 opere
841 1409 1001 1492 meoque
1032 1393 1177 1483 officio,
1213 1393 1274 1468 hic
1307 1396 1477 1472 Sronnn
1514 1399 1741 1472 memoriam
1770 1401 1907 1474 colere.

70 1559 108 1630 ls
130 1561 234 1632 enim
265 1561 445 1659 princeps
478 1560 670 1636 videtur
658 1581 700 1632 m
730 1557 802 1630 hoc
834 1559 1033 1632 literarum
1063 1544 1221 1652 genere,
1256 1560 1375 1658 quod,
1403 1585 1488 1636 curn
1518 1583 1651 1636 omnes
1681 1563 1762 1634 lere
1789 1567 1906 1638 scien-

73 1725 149 1796 tiae
184 1735 315 1820 partes
349 1726 568 1823 expetitum
601 1737 684 1813 eat,
729 1722 921 1818 quomodo
958 1733 998 1795 ct
1033 1725 1137 1819 quali
1167 1746 1220 1796 ox
1258 1726 1384 1821 capito
1410 1715 1544 1799 natum
1574 1728 1644 1815 sit,
1683 1733 1909 1820 cognoscere

73 1910 147 1982 non
188 1910 397 1986 paucorum
439 1881 627 1964 intererit.
694 1887 890 1962 Permulta
925 1888 1003 1980 egit
1041 1898 1080 1960 ct
1115 1889 1158 1960 in
1194 1889 1448 1966 aduersariis
1460 1891 1611 1964 notauit
1640 1891 1800 1989 aliisque
1826 1905 1906 1968 tum

73 2053 288 2150 colloquiis,
324 2065 406 2127 turn
435 2042 610 2152 epistolis
639 2051 821 2140 tradidit,
858 2051 993 2148 quibus
1023 2063 1063 2126 et
1099 2051 1171 2126 hoc
1200 2055 1383 2130 volornen
1407 2069 1446 2130 ct
1475 2057 1674 2154 sequentia
1702 2049 1908 2157 praecipuo

72 2197 320 2326 illustrantur.
380 2179 594 2292 Dicendum
631 2228 737 2306 orat,
774 2213 1047 2326 quo'ternporc
1077 2232 1327 2293 monumenta
1355 2219 1599 2320 Aegyptiam
1622 2222 1820 2319 explicare
1851 2225 1908 2296 in·
1946 2281 1948 2286 .

72 2384 236 2522 ceperit,
267 2405 341 2482 qua
368 2385 518 2458 ratione
546 2383 796 2481 processerit,
833 2403 899 2456 cur
925 2383 980 2472 ita
1001 2383 1219 2482 scripserit,
1248 2383 1340 2481 quid
1369 2384 1485 2456 sibi
1466 2406 1514 2457 ιιι
1541 2383 1699 2478 singulis
1727 2389 1906 2460 voluerit.

71 2513 194 2622 Multo
232 2546 363 2622 labore
399 2560 439 2621 et
467 2549 662 2635 acumine,
697 2545 819 2619 multa
856 2546 1072 2620 constantia
1108 2556 1148 2618 et
1182 2559 1265 2619 arto
1299 2569 1395 2644 opus
1429 2548 1522 2637 suit,
1555 2549 1777 2646 priusquam
1812 2551 1907 2624 haec

73 2716 217 2812 scripta
246 2715 455 2805 orirentur,
492 2736 589 2812 quae
614 2691 715 2786 nunc
743 2722 926 2808 tanquam
955 2671 1123 2808 segetem
1152 2712 1343 2786 virentem
1382 2713 1487 2812 sacili
1520 2714 1674 2808 negotio
1700 2715 1907 2814 perlustra·

72 2897 172 2950 mus.
236 2875 337 2949 Hinc
368 2900 418 2950 ne
440 2880 686 3002 immemoreo
717 2888 913 2949 tantorum
946 2875 1313 2974 impedimentorum
1337 2877 1582 2967 accederent,
1625 2881 1753 2953 caueri
1790 2881 1907 2953 etiarn
2041 2895 2044 2900 ’

72 3027 249 3112 debebat.
315 3011 493 3114 Ceterum
528 3043 739 3138 quicunque
771 3060 914 3110 nouum
945 3039 1020 3110 iter
1056 3051 1104 3109 et
1131 3039 1277 3126 simile,
1303 3063 1403 3113 nunc
1436 3041 1589 3138 quidem
1620 3041 1724 3120 haud
1752 3045 1906 3138 longum

72 3215 111 3276 et
138 3169 415 3300 pericluosurn,
453 3205 504 3278 ad
541 3205 702 3279 obscura
726 3202 1006 3299 Aegyptiorum
1040 3221 1150 3276 sacra
1174 3157 1481 3300 susceperint,
1468 3207 1498 3278 ri
1533 3216 1696 3278 certum
1710 3218 1823 3303 atquc
1850 3207 1907 3280 di-

75 3379 236 3457 sertum,
271 3391 384 3508 quern
412 3379 629 3454 assumant,
658 3365 794 3438 ducem
829 3365 941 3437 his
927 3388 970 3436 ιιι
1009 3365 1130 3438 literis
1156 3367 1365 3496 inueniant.
1423 3367 1554 3442 Habes
1581 3347 1709 3466 itaque
1736 3370 1798 3442 hic
1827 3394 1905 3446 om-

74 3537 140 3606 nia
169 3546 313 3622 tecum,
341 3532 441 3606 bone
465 3534 604 3620 lector,
629 3552 726 3626 quae
752 3529 802 3603 ad
828 3551 911 3604 rem
922 3489 1218 3628 Aegyptiacarn
1244 3531 1493 3622 inclinantur,
1519 3545 1632 3631 atque
1659 3534 1750 3608 dum
1778 3535 1906 3610 Seou-

75 3705 129 3774 llu
159 3697 482 3773 lucubrationibus
511 3695 650 3769 fruaris
678 3707 717 3766 et
745 3694 965 3781 delecteris,
992 3695 1090 3781 noli,
1122 3706 1264 3789 quanto
1291 3699 1428 3790 pretio,
1450 3699 1597 3770 scilicet
1625 3701 1764 3790 egregii
1785 3699 1907 3772 horni-
1990 3768 2009 3794 ,Ἴ

76 3866 136 3970 nis
149 3953 152 3966 .
165 3866 331 3955 iactura,
361 3874 605 3968 comparatae
635 3862 731 3954 sint,
759 3860 930 3954 ingratus
957 3857 1144 3954 obliuisci.
