4568 6076
1122 585 1536 654 ...18-

413 804 482 876 uia
503 800 616 874 huius
636 799 774 873 aetatis
799 793 1257 892 scripta‘accuratissime
1285 791 1463 885 coniungi
1490 813 1576 866 cum
1609 789 1787 870 fortunae
1812 792 2150 878 vicissitudinibus
2177 807 2252 872 tum

302 991 303 994 ,
413 918 591 1016 publicae
611 927 693 988 tum
717 915 910 1010 priuatae,
941 933 1011 984 nee
1033 909 1229 1006 quidpiam
1251 909 1293 981 in
1315 909 1364 981 ils
1387 928 1491 993 esse,
1522 908 1587 990 ‚eui
1618 906 1763 982 luxab
1787 907 1949 983 historia
1969 914 2095 1007 petita
2119 915 2252 1002 afferri,

414 1057 492 1106 non
519 1029 670 1104 debeat.
729 1027 896 1116 Quaeuis
919 1026 1094 1113 Horatii,
1126 1024 1298 1116 Virgilii,
1332 1023 1523 1118 Propertii
1554 1025 1726 1100 carmina
1755 1025 1798 1096 in
1826 1047 1920 1106 eum,
1950 1027 2130 1102 ordinem
2156 1031 2250 1106 redi·

417 1150 547 1244 gebat,
570 1167 652 1241 .quo
676 1144 857 1240 deinceps
881 1143 929 1215 ab
947 1140 1163 1216 auctoribus
1185 1139 1543 1228 eruissa.erederct;
1581 1161 1766 1234 personas
1780 1138 2039 1231 Horatianus,
2077 1168 2176 1239 quae
2198 1147 2249 1220 (ᾗ.

337 1276 343 1288 ‘
418 1274 564 1349 cuntur,
593 1261 644 1334 ad
665 1262 863 1332 literarum
879 1261 1017 1331 seriem
1031 1255 1297 1343 enumerabat,
1320 1265 1359 1326 et
1380 1255 1515 1352 quibus
1531 1254 1749 1328 hominibus
1764 1256 1969 1350 impositae
1986 1273 2113 1348 erant,
2131 1261 2248 1336 detra·

307 1407 309 1412 ·
416 1379 543 1453 hebat.
603 1369 676 1451 His
703 1379 746 1449 in
776 1375 914 1448 studiis
947 1397 1049 1446 noua
1077 1385 1116 1444 et
1139 1374 1410 1467 inexspectata
1438 1382 1518 1443 tam
1551 1370 1673 1442 multa
1703 1373 1924 1462 inuenerat,
1959 1386 2004 1450 vt
2025 1397 2112 1454 nou¹
2132 1378 2245 1452 solum

410 1497 484 1569 ‘ills
505 1497 650 1590 scripta
671 1515 757 1565 cum
779 1493 859 1565 suis
881 1487 1279 1564 animaduersionibus
1308 1485 1442 1574 edere,
1467 1484 1536 1558 sed
1559 1487 1677 1562 etiam
1705 1486 1905 1561 historiam
1928 1489 2146 1572 literariam
2169 1496 2246 1568 aeui

415 1611 602 1704 Augustei
629 1608 870 1690 conscribere
902 1618 941 1678 et
967 1614 1100 1710 posset
1128 1614 1169 1674 et
1192 1603 1328 1677 vellet.
1392 1600 1545 1690 Quanto
1576 1603 1751 1679 acumine
1782 1604 1824 1682 iu
1852 1625 1900 1680 ea
1919 1629 1962 1685 rs
1989 1629 2089 1703 opus
2119 1609 2244 1697 fucrit,

416 1736 559 1823 qrranta
584 1723 862 1818 impedimenta
884 1722 921 1793 ei
945 1718 1183 1793 remouenda
1205 1739 1290 1790 sese
1314 1716 1538 1804 obtulerint,
1565 1718 1630 1794 vel
1651 1739 1714 1790 me
1735 1730 1885 1794 tacente
1911 1723 2153 1816 intelligitur.
2207 1727 2242 1798 ln

416 1842 557 1916 scholis
585 1839 748 1934 publicis
777 1835 938 1910 docebat
969 1848 1092 1908 artem
1123 1835 1318 1923 criticam,
1353 1855 1467 1929 quos,
1501 1857 1716 1931 quanquam
1741 1837 1909 1908 henneis
1932 1839 2132 1932 quandam
2158 1843 2243 1914 inui-

416 1959 521 2030 diam
545 1957 742 2029 contraxit
763 1953 858 2025 haec
879 1952 1093 2046 disciplina,
1116 1971 1194 2023 non
1207 1951 1320 2047 pauci
1340 1948 1644 2045 frequentabant.
1700 1949 1786 2026 Hoc
1802 1951 2035 2030 auditorium
2060 1960 2242 2030 conununi

414 2073 517 2146 bono
534 2072 754 2156 desmauit.
813 2068 1109 2142 Academiarum
1124 2067 1228 2138 enim
1250 2065 1426 2138 laudibus
1442 2067 1676 2162 meritisque,
1700 2069 1797 2142 tatis
1820 2070 1894 2146 vix
1912 2091 2087 2164 unquam
2104 2073 2239 2168 praedi·

417 2186 563 2273 caudis,
588 2186 722 2258 deesse
744 2185 890 2282 aliquid
904 2183 1077 2271 videtur,
1117 2193 1203 2256 cum
1232 2182 1288 2254 nil
1309 2182 1384 2253 nisi
1409 2180 1622 2256 doctrinam
1648 2181 1792 2264 nudam
1815 2183 2023 2274 exhibent,
2051 2210 2173 2284 neque
2193 2192 2239 2262 iu.

416 2305 549 2377 veneis
577 2301 700 2376 veluti
729 2301 913 2375 babulum
942 2301 985 2372 iu
1007 2305 1160 2371 succum
1184 2310 1224 2370 et
1244 2299 1468 2390 sanguinem
1487 2297 1735 2372 conuertendi
1757 2291 1934 2394 viresque
1957 2304 2131 2396 augendi
2148 2327 2238 2378 occa.

415 2423 564 2490 sionem
592 2416 788 2512 praebent.
847 2415 969 2488 Breue
982 2400 1167 2486 iudicium
1193 2425 1271 2501 est,
1304 2436 1390 2486 cum
1414 2413 1463 2486 de
1493 2413 1604 2487 uoltis
1628 2416 1794 2509 nosipsi
1820 2416 2050 2494 iudicamus.
2121 2421 2236 2494 Facile

412 2533 603 2621 Platonis,
632 2528 828 2605 Ciceronis
850 2533 915 2606 vel
945 2529 1166 2617 scrutantr,
1192 2529 1431 2616 Bvxuoaru,
1460 2527 1683 2618 Nsvroms
1719 2531 1951 2620 Lammrzu,
1989 2534 2235 2622 Branovurr,

338 2674 340 2678 ’
413 2648 626 2721 Mincium
648 2648 793 2743 aliquid
817 2659 885 2721 aut
906 2648 1190 2743 praestantiora
1210 2646 1251 2718 in
1269 2644 1382 2717 nobis
1405 2645 1760 2721 animaduertimus.
1818 2645 1959 2741 Agitur.
1978 2648 2236 2726 doctrinaein·

413 2775 669 2850 crementum,
699 2763 811 2854 longe
832 2764 1022 2857 sapirnus3
1064 2763 1125 2834 sin
1158 2761 1351 2833 facultatis
1384 2762 1598 2854 specimen,
1641 2763 1828 2856 pollemus
1857 2763 2048 2840 Herculea
2081 2768 2236 2862 praedam

412 2880 576 2966 virtute,
606 2899 703 2973 quae
727 2875 778 2952 ad
802 2879 934 2952 omnia
955 2875 1201 2973 suscipienda
1229 2887 1268 2948 et
1292 2875 1554 2972 perpetranda
1582 2890 1672 2973 apta
1694 2881 1810 2956 ,sitet
1837 2880 2013 2970 srrlheiat.
2072 2883 2173 2962 Eam
2196 2883 2234 2956 ob

412 2999 568 3066 causam
593 3009 688 3100 opus
711 2997 772 3066 est
792 2994 1059 3065 coniunctione
1081 2989 1245 3086 quadam
1270 2991 1504 3078 studiorum,
1519 3015 1605 3088 qua
1627 2989 1883 3072 iudicantibus
1902 2998 1990 3072 aliis
2012 3001 2168 3078 inscitia
2185 3023 2257 3072 ar·¹

411 3121 565 3203 guatur,
593 3103 771 3184 socordia
788 3110 990 3195 incitetur,
1017 3107 1179 3180 facultas
1194 3107 1438 3202 expediatur.
1496 3105 1607 3196 Quod
1628 3110 1662 3182 si
1683 3111 1788 3186 valet
1808 3111 1857 3184 de
1878 3115 1986 3186 ornni
2001 3137 2152 3211 quaque
2169 3115 2231 3188 dio

410 3227 554 3320 ciplina
577 3227 679 3297 inter
699 3223 1153 3320 tironespromoucnda,
1177 3245 1255 3296 non
1280 3225 1523 3304 accusatio
1545 3226 1689 3298 critica.
1734 3224 1798 3300 'Ar
1816 3229 1966 3317 critica,
1994 3231 2160 3326 inquies,
2184 3227 2231 3303 di·

410 3343 507 3414 vina
529 3340 599 3411 illa
611 3342 736 3413 virtus
747 3340 912 3432 ingeniis
937 3341 1072 3410 innata
1094 3337 1242 3410 addisci
1256 3339 1388 3432 nequit
1402 3339 1542 3412 studio.
1601 3336 1729 3434 Cedo,
1750 3355 1852 3418 certe
1874 3356 1956 3420 arte
1972 3349 2116 3436 utitur,
2143 3359 2230 3452 cprto

412 3453 575 3526 audacia
595 3455 866 3548 temeritasquc
880 3447 1014 3526 iudicii
1033 3454 1215 3546 restringi
1236 3465 1415 3548 recteque
1444 3455 1512 3550 via
1537 3457 1750 3548 significari·
1772 3470 1812 3531 et
1846 3462 2145 3556 querebamur·
2170 3462 2227 3536 dot

411 3568 631 3642 exercendo
658 3569 787 3642 excoli
816 3579 883 3642 aut
898 3563 1024 3644 'voice
1053 3580 1121 3658 aut
1135 3570 1294 3665 optime
1307 3581 1483 3664 ‹lpossunt
1510 3575 1706 3648 communi
1737 3585 1778 3646 et
1811 3579 2227 3660 mutuamoderatione.

409 3681 516 3758 Haec
541 3687 755 3758 Sroflmvu
773 3696 1004 3774 ¹mouerunt,
1045 3695 1091 3759 vt
1117 3684 1326 3780 discipulos
1355 3699 1506 3778 cogeret
1533 3699 1646 3784 atque
1678 3689 1825 3764 abhoc
1852 3691 1945 3767 inde
1976 3705 2150 3792 tempore
2179 3717 2227 3767 ro

406 3800 581 3873 aretatem
606 3802 782 3874 crr'tr'eom
804 3801 996 3895 dirigeret.
1053 3799 1201 3896 Vbique
1228 3803 1334 3877 viam
1362 3801 1551 3876 tironibus
1569 3805 1656 3899 ipse
1679 3806 1874 3901 praeibat,
1914 3822 2086 3888 ceterum
2111 3833 2226 3884 mone

406 3915 494 4004 hat,
518 3917 742 4011 instigabat,
774 3917 983 4005 retinebat,
1022 3918 1235 4010 corrigebat
1261 3940 1411 3990 summa
1433 3941 1518 3992 eum
1542 3918 1777 3994 dexteritate
1802 3936 1843 3995 et
1867 3925 2077 4022 prudentia
2099 3948 2226 4024 suaque

407 4029 527 4103 libere
550 4053 635 4104 cum
659 4033 855 4127 discipulis
883 4034 1203 4106 communicabat.
1261 4031 1345 4105 llis
1366 4037 1708 4114 exercitationibus
1739 4041 1952 4136 quicunque
1982 4043 2224 4120 interfuerunt

404 4146 654 4242 multiplicem
678 4148 847 4221 lructum
864 4149 1023 4235 debent,
1056 4157 1215 4246 quorum
1244 4171 1321 4242 non
1341 4152 1465 4245 pauci,
1486 4153 1745 4244 ,gratissimam
1766 4157 1949 4248 magistre
1965 4171 2144 4240 mentem
2170 4159 2224 4230 ho

405 4261 551 4347 bentes,
573 4264 614 4334 in
629 4263 767 4355 Lyceis
790 4275 830 4335 et
854 4263 1076 4346 Academiis
1098 4265 1297 4337 doctorum
1318 4288 1479 4339 munera
1500 4290 1600 4340 nunc
1615 4268 1767 4358 obeunt,
1797 4283 1864 4346 aut
1877 4272 2027 4348 abituri
2052 4287 2153 4354 sunt.

318 4375 319 4380 ’
434 4371 436 4376 ’
518 4377 693 4471 Agebant
722 4377 847 4452 adhue
871 4391 910 4452 et
933 4379 1130 4453 certabant
1158 4381 1373 4478 Dorpatum
1397 4394 1436 4454 et
1458 4365 1559 4457 noua
1583 4380 1900 4480 cantabrigia-
1932 4413 1978 4462 eo
2001 4413 2126 4487 vsque
2153 4393 2223 4464 eius

403 4515 480 4567 non
504 4496 628 4566 solum
645 4494 760 4583 lama,
783 4496 852 4580 sed
874 4495 1109 4570 desiderium
1128 4510 1437 4593 processerat-
1460 4511 1505 4574 vt
1529 4499 1743 4576 Sroaarvu
1761 4526 1872 4580 suum
1887 4527 2119 4603 suarumque
2140 4507 2224 4582 Aea-

404 4607 619 4684 demiarum
641 4626 905 4686 emamentum
923 4613 1123 4701 'facerent,
1159 4635 1271 4708 quum
1297 4615 1335 4685 ei
1359 4599 1642 4693 *clelocccututss¹
1669 4619 1774 4716 apud
1802 4619 2070 4712 Kilenicnscs,
2113 4623 2224 4698 Huc

403 4739 543 4801 arculo
566 4725 737 4800 bonnam
754 4741 908 4817 vocato,
930 4752 1053 4804 vacua
1068 4729 1299 4827 philologiae
1325 4729 1507 4804 cathedra
1526 4733 1736 4816 offerretur.
1795 4734 1905 4822 Hanc
1926 4737 2082 4833 quidem
2104 4737 2223 4828 condi

402 4843 546 4916 tionem
575 4843 887 4934 honestissimam
910 4847 1055 4950 iamin
1087 4868 1133 4929 co
1158 4845 1251 4934 suit,
1273 4831 1342 4921 xvt
1359 4848 1594 4943 susciperet„
1617 4849 1760 4939 „Neci
1789 4853 1908 4926 crinem
1930 4865 2156 4950 vergectern
2175 4879 2225 4926 er·
2266 4848 2267 4851 ’

400 4954 610 5048 haltenen,“
631 4959 767 5036 scribit
791 4963 926 5049 amico,
953 4959 1418 5058 „hdebrteorthes'lhqflcn
1430 4963 1513 5038 und
1528 4963 1768 5040 ebrcnrellers
1782 4967 1890 5063 Rufe
1913 4971 2014 5044 ethes
2029 4973 2227 5048 omudrti
