4568 6076
816 74 1229 142 -51-

85 279 204 358 enim
220 281 372 370 morbo,
402 279 577 378 quamuis
594 277 759 355 feliciter
775 291 975 380 superato,
1005 281 1140 378 corpus
1157 273 1447 358 infirmitatiset
1455 269 1729 363 imbecillitatis
1752 289 1843 386 quid
1855 304 1932 367 tra·

86 393 234 487 xerat,
265 421 337 493 qrre
365 397 519 472 facilius
545 395 822 471 melciacum
846 399 992 470 intrare
1008 408 1178 494 possent·
1219 395 1316 471 Cum
1329 421 1416 472 cum
1434 397 1645 476 Academia
1663 403 1857 498 elegisset,
1887 421 1931 483 vt

90 513 361 587 communibus
386 513 435 606 dc
455 513 606 607 patriae
626 513 751 586 salute
773 512 1111 587 deliberationibus
1139 536 1211 611 per
1234 535 1408 588 mensem
1432 513 1683 590 Februarium
1704 519 1929 617 interesset,

93 649 247 703 summa
269 629 495 703 assiduitate
516 630 557 702 in
581 650 628 700 eo
655 628 897 719 elaborabat,
934 642 979 706 vt
1000 630 1254 726 principibus,
1284 631 1386 726 quod
1397 631 1591 726 pollicitus
1609 644 1713 721 erat,
1747 637 1932 716 volumen

94 743 312 819 chartarum
328 743 691 839 lithogrepbiearum
707 767 762 818 ex
776 768 891 842 opere
905 743 1143 844 Aegyptiace
1157 767 1370 842 proponere
1385 757 1528 842 posset.
1562 745 1688 844 Atque
1702 748 1927 829 incredibile

54 915 55 922 ι
84 869 151 966 ¹est
170 861 296 950 dictu,
320 863 557 956 quantopere
566 863 725 954 ,gauisus
740 863 792 934 sit
808 861 856 934 de
871 860 1118 959 Aegyptiacis
1133 863 1214 938 suis
1231 862 1389 950 numu,
1419 863 1555 960 quibus
1567 875 1628 936 tot
1640 885 1774 954 annos,
1798 878 1857 940 tot
1872 872 1931 944 vi-

92 1000 155 1050 res
177 987 453 1050 consumserat
493 973 610 1054 *eum
630 977 683 1050 ad
706 979 850 1073 scripta
871 976 1111 1075 Aegyptiace
1134 999 1176 1050 se
1198 979 1441 1064 contulisset,
1469 979 1646 1053 abiisse
1661 979 1831 1054 abstrahi
1848 1005 1929 1058 non

82 1090 857 1190 muebum.:·.1emdecimeooptimma
873 1091 1106 1183 effluxerat,
1130 1097 1184 1166 ex
1207 1092 1509 1190 que-emendare
1531 1107 1570 1168 et
1596 1097 1773 1192 expolire
1794 1121 1927 1196 coepe·

80 1211 152 1282 rat
170 1209 305 1282 nureo
320 1206 578 1304 Aegyptiacae
594 1207 793 1304 lqridibus'
808 1209 1026 1305 inscriptas.
1085 1208 1182 1282 Tam
1197 1211 1397 1304 religiosus
1409 1221 1506 1300 erat,
1534 1222 1580 1287 vt
1594 1213 1742 1306 singula
1756 1235 1927 1311 quaeque

64 1327 207 1418 signa
223 1329 297 1396 non
314 1323 462 1411 semel,
483 1321 552 1396 sed
569 1323 648 1413 bis,
676 1335 747 1412 ter,
770 1335 912 1420 quater
927 1323 1011 1398 cum
1026 1327 1186 1424 papyris
1208 1325 1669 1422 chartisqueAegypdacis
1686 1343 1928 1428 compararet

64 1440 314 1535 nullumque
327 1440 512 1512 intactum
530 1440 685 1518 sineret.
711 1519 715 1527 .
744 1438 822 1512 Sua
837 1451 974 1536 sponte
989 1431 1236 1534 intelligitur,
1267 1455 1409 1540 quanto
1426 1442 1497 1515 hoe
1518 1443 1635 1516 fuerit
1656 1445 1926 1522 intestinorum

58 1555 339 1632 detrimento.
374 1555 451 1643 ,ss
466 1555 551 1643 c'ct,“
562 1553 696 1651 inquit,
712 1555 827 1644 „celte
837 1553 953 1628 boenc
961 1555 1182 1652 gloudlc'cde
1196 1556 1338 1632 Mcide.
1360 1557 1444 1630 Zur
1458 1557 1644 1632 ucenae
1657 1559 1740 1650 und
1746 1559 1927 1635 Beorbec'-

49 1679 193 1766 treug
214 1670 347 1744 ee'reer
363 1669 477 1776 Zec'le
495 1670 569 1744 dot
583 1695 676 1744 merc
689 1671 800 1746 ericen
821 1669 960 1746 balden
980 1673 1064 1767 Tag·
1081 1669 1226 1766 redtdc‘g,
1252 1672 1306 1746 de
1328 1673 1391 1746 dc'e
1420 1672 1571 1746 deodate
1596 1674 1852 1769 oenactgtcu
1866 1679 1926 1751 do

50 1807 186 1882 ,eye
200 1789 332 1883 ωυρμ
363 1785 449 1860 Nou
464 1807 608 1884 paucae
623 1798 734 1862 erant
749 1786 922 1876 tabulae,
951 1811 1047 1884 quae
1063 1810 1138 1863 sex
1154 1787 1277 1861 millia
1292 1789 1488 1861 literarum
1506 1791 1755 1872 continerent.
1791 1791 1925 1888 ltaque

41 1900 142 1988 ab
161 1903 288 2000 aliquo
306 1914 477 1999 tempore
493 1914 647 2001 questus
665 1915 760 1994 eret,
783 1925 826 1977 se
843 1901 968 1978 denuo
991 1905 1131 1979 mirum
1153 1903 1196 1976 in
1219 1903 1376 1978 modum
1399 1903 1545 1978 viribus
1572 1899 1741 1992 destitui,
1770 1928 1924 2004 corpus·

38 2037 164 2118 que
180 2041 429 2093 marcescere.

112 2157 118 2166 ·
208 2132 419 2225 Quatriduo
445 2145 535 2234 pest
558 2133 774 2233 sponsalia,
805 2133 1008 2232 quatriduo
1030 2145 1119 2221 ante
1138 2133 1285 2209 obitum
1302 2158 1324 2207 e
1340 2136 1467 2236 spatio
1481 2133 1629 2225 redux,
1655 2137 1698 2210 in
1712 2157 1786 2231 quo
1804 2131 1926 2228 frigus

54 2262 354 2338 contraxerat,
370 2249 495 2324 subite
512 2253 813 2332 inflammatione
829 2251 1121 2346 cenecrrtpten
1140 2263 1249 2326 tanta
1264 2273 1349 2326 cum
1375 2251 1641 2340 vehementia,
1672 2263 1716 2326 vt
1737 2270 1814 2324 nen
1829 2249 1925 2323 mul-

64 2373 172 2440 tum
188 2365 355 2453 abesset,
372 2369 462 2462 quin
476 2388 553 2443 vno
571 2367 634 2440 die
649 2367 777 2440 saluus
792 2378 963 2440 mortuus
982 2377 1094 2438 esset.
1124 2365 1295 2439 Subinde
1306 2366 1409 2438 cedit
1424 2367 1580 2453 melum,
1602 2365 1705 2438 redit
1718 2365 1925 2441 vehemen-

50 2475 170 2556 tius
188 2503 274 2554 cum
293 2483 462 2555 cruciatu
476 2481 756 2556 vehementiori
771 2480 834 2553 die
842 2475 945 2552 XVI.
971 2479 1105 2552 Media
1117 2491 1229 2552 noete
1242 2482 1468 2575 perterritus
1484 2479 1591 2554 vrbis
1606 2478 1797 2567 incendio,
1822 2501 1923 2552 eam-

61 2608 280 2680 panarum
303 2598 432 2669 sonitu
464 2596 734 2690 bominumque
756 2594 1049 2668 accelerantium
1065 2595 1225 2689 strepitu
1241 2595 1357 2667 matri
1383 2595 1588 2668 acclamat:
1617 2591 1813 2684 ‚,Mettcr,
1854 2594 1925 2666 des
2052 2633 2053 2636 π

61 2699 137 2776 3⁸&
156 2715 277 2786 rodae
299 2709 589 2785 ‘Stcrbenacbt.“
644 2711 744 2784 Mox
767 2710 927 2783 inclinat
951 2708 1091 2798 febris,
1125 2711 1288 2783 remittit
1312 2709 1551 2807 deleretque
1568 2693 1926 2807 Saounrvsvolup·

64 2823 177 2900 tate
193 2827 355 2926 quadam
383 2849 506 2926 paene
537 2826 670 2900 diuina
696 2827 858 2924 capitur.
916 2823 1043 2899 Vnum
1063 2825 1138 2898 sibi
1157 2825 1368 2922 infaustum
1393 2849 1478 2900 esse
1504 2824 1795 2914 animaduertit,
1823 2825 1926 2922 qued

62 2943 234 3018 medici
253 2965 410 3042 operam
427 2943 613 3016 festinant
625 2953 738 3038 atque
757 2940 1065 3039 desperationem
1077 2961 1155 3020 non
1170 2940 1426 3016 dissimulant.
1484 2940 1586 3015 Hinc
1599 2925 1729 3016 innuit
1742 2942 1858 3016 matri
1870 2953 1926 3014 at·

61 3061 341 3156 quercuque,
361 3071 407 3135 vt
421 3060 582 3132 abirent.
610 3057 736 3130 Vnum
756 3055 947 3130 medicum
963 3055 1037 3127 sibi
1050 3056 1326 3130 amicissimum
1340 3060 1492 3144 retinet,
1521 3079 1632 3152 quem
1649 3056 1835 3143 obsecrat,
1861 3057 1926 3128 ob·

64 3169 258 3250 testetur
275 3197 345 3274 pro
359 3175 514 3264 virium,
541 3194 638 3270 quae
652 3184 810 3260 restant,
827 3171 996 3258 modulo,
1027 3181 1073 3244 vt
1088 3169 1215 3258 dicere
1231 3171 1339 3259 velit,
1369 3181 1545 3244 actumne
1561 3172 1613 3242 sit
1628 3170 1676 3244 de
1691 3191 1745 3242 se.
1803 3169 1926 3243 Nimi-

67 3299 176 3368 rum
193 3291 350 3365 nolebat
375 3312 430 3364 ex
450 3289 617 3386 bospitio
641 3310 710 3362 suo
730 3289 820 3361 licet
842 3287 951 3361 breui
966 3309 1036 3359 nec
1051 3309 1138 3358 raro
1154 3287 1257 3359 tristi
1280 3287 1410 3374 exire,
1437 3286 1529 3381 quin
1550 3285 1796 3359 valediceret.
1855 3285 1924 3358 Ille

70 3412 169 3482 non
191 3419 317 3504 negat.
356 3407 441 3480 Hoc
457 3405 554 3478 nibil
568 3415 813 3502 perterretur.
841 3401 989 3478 Nullius
1004 3423 1148 3500 prauae
1166 3403 1328 3474 actionis
1346 3401 1419 3474 sibi
1437 3400 1610 3474 conscius
1626 3411 1708 3475 erat
1721 3411 1924 3500 pertetam

74 3517 215 3598 vicem
228 3545 353 3620 neque
375 3521 424 3596 de
445 3523 530 3597 vita
552 3521 699 3609 futura,
728 3543 842 3617 quam
863 3519 1102 3612 ignoramus,
1127 3518 1248 3590 anxie
1271 3519 1525 3614 qrraesiuerat.
1575 3513 1814 3591 cuicuimodi
1844 3516 1926 3590 lata

74 3645 159 3714 uos
176 3648 378 3732 maneant,
408 3637 510 3712 bona
527 3635 724 3726 eredebat3
753 3633 1004 3732 exspectabat
1016 3619 1172 3730 pieta'tis
1187 3635 1362 3731 praemia
1380 3645 1493 3731 atque
1508 3632 1660 3706 animae
1678 3641 1680 3644 ’
1695 3633 1927 3707 immertalis

77 3751 265 3830 seluern.
296 3756 429 3852 ltaque
442 3766 605 3828 matrem
620 3751 796 3841 aduocat,
824 3751 944 3824 multa
958 3750 1077 3826 verba
1100 3749 1191 3822 lacit
1206 3750 1254 3823 de
1273 3749 1402 3839 benis,
1418 3748 1561 3845 ¹quibus
1577 3771 1618 3822 se
1641 3771 1665 3822 a
1687 3750 1815 3846 prima
1834 3747 1926 3822 inde

1 3889 3 3930 ;
78 3853 215 3946 aetate
245 3872 494 3960 cumulasset,
524 3870 573 3943 de
598 3869 679 3942 eius
702 3891 791 3940 cura
812 3869 914 3939 inter
935 3866 1108 3939 morbum
1133 3865 1397 3958 longissimum
1421 3866 1528 3938 illum
1554 3877 1667 3962 atquc
1689 3864 1789 3937 hune
1816 3887 1953 3938 suum.

1 3991 5 4008 ⁷
78 3988 353 4078 nouissimum,
371 3987 512 4082 gratias
526 3986 615 4079 agit,
629 3995 750 4078 rogat,
765 4006 815 4056 ne
830 3993 958 4055 careat
973 3983 1121 4054 solatio.
1148 3980 1410 4075 ‚sorcius
1427 3981 1561 4077 inquit,
1588 3980 1696 4070 ,mod
1703 3988 1858 4074 getrort,
1875 3978 1928 4050 de

80 4087 163 4173 bin
176 4101 380 4177 enutries
421 4101 505 4175 Hoc
519 4124 639 4178 vnum
655 4099 770 4188 dolet,
796 4121 837 4171 se
852 4108 909 4171 tot
924 4097 1108 4171 beneficia
1119 4117 1196 4169 non
1211 4095 1372 4171 reddere
1380 4118 1506 4196 posse.
1548 4095 1739 4170 Memorat
1753 4087 1927 4166 homines

78 4208 165 4292 sibi
180 4241 290 4294 caros
307 4232 431 4316 atquc,
454 4217 687 4291 aduentante
701 4227 835 4303 morte,
851 4213 994 4288 desinit
1008 4214 1048 4285 ln
1063 4212 1199 4287 verba:
1220 4213 1405 4302 „Manen
1416 4221 1509 4310 gete
1522 4211 1686 4287 Nocdt.“
1715 4208 1925 4283 Obmutuit.

5 4367 7 4390 ι
78 4318 156 4406 Sic
171 4334 253 4412 obit
268 4334 624 4434 diemsupremum,
646 4345 690 4408 vt
704 4353 819 4406 nemo
835 4353 921 4405 cum
938 4331 1146 4456 exspirare
1155 4330 1326 4404 sentiret.

1528 4561 1604 4634 Ga
