4576 6054
800 684 1222 734 ...n-..-

99 869 162 970 14)
188 873 321 944 scheda
346 894 428 940 cum
454 870 501 938 X.
529 868 695 960 versibus
710 864 941 962 Aegyptiacis
956 867 1179 959 totidemque
1194 867 1334 938 Latinis
1349 869 1583 962 interpositis,
1602 871 1730 965 quibus
1745 873 1949 946 secamus
1960 878 1968 888 ”

173 1032 264 1102 opus
289 1029 393 1078 suum
420 1005 559 1076 nomini
583 1002 710 1072 Reuss
735 998 1030 1072 Aneusrrssntss
1054 1000 1254 1072 inscribere
1279 999 1402 1099 paucis
1429 1014 1512 1074 ante
1538 1007 1678 1078 obitum
1704 1007 1840 1098 diebus,
1866 1010 1949 1100 qui-

170 1145 237 1212 bus
271 1166 334 1213 eos
367 1139 607 1232 consiguauit,
651 1137 845 1208 meditatus
887 1146 951 1208 est.
1017 1135 1121 1207 Haec
1155 1147 1239 1206 sunt
1270 1133 1511 1232 Aegyptiace,
1550 1163 1641 1234 quae
1673 1143 1837 1238 pyramis
1868 1155 1952 1237 post

168 1277 312 1348 tiudum
337 1273 516 1344 collocata
539 1297 613 1344 non
637 1272 715 1352 sim
741 1294 849 1341 sensu
875 1269 992 1342 offert.
1044 1269 1235 1341 Concessit
1259 1273 1356 1344 enim
1381 1271 1518 1344 Recta
1546 1269 1714 1348 Gamla
1740 1281 1842 1372 pium
1867 1281 1950 1372 piae

169 1414 279 1484 huius
305 1409 547 1503 inscriptionis
573 1429 689 1480 vsum.
742 1404 949 1476 Translatio
975 1403 1108 1476 Latina
1132 1405 1324 1498 Sronrtn,
1352 1407 1486 1490 seilicet
1512 1411 1559 1480 ad
1583 1409 1737 1486 verbum
1759 1412 1873 1504 facta,
1899 1417 1950 1486 sic

172 1571 211 1616 se
236 1546 365 1618 habet:

951 1637 1071 1735 Regi

464 1765 1021 1856 FRIDERICO
1090 1769 1560 1878 AVGVSTO,

738 1937 805 2020 reas
834 1916 1057 2012 populorum
1086 1919 1281 2004 Sescenius,

368 2079 435 2129 rese
458 2053 558 2126 mitis
584 2051 623 2122 in
648 2052 773 2122 Deum
795 2064 1002 2146 potentern.
1034 2075 1165 2124 amans
1189 2054 1333 2140 Deum,
1367 2052 1485 2126 colens
1511 2056 1649 2144 Deum,

529 2188 657 2272 mitis,
690 2175 782 2256 dans
806 2181 903 2256 bona
927 2186 1064 2278 rnulta,
1099 2201 1137 2260 et
1161 2201 1326 2260 statuens
1349 2179 1484 2286 felices

439 2323 594 2420 populos
618 2319 811 2415 potestatis
837 2321 948 2393 totius
974 2315 1098 2396 ὄντων
1123 2335 1329 2418 temporum
1354 2321 1557 2393 inultorum
1563 2349 1579 2408 ‚·

322 2466 407 2550 (ot)
433 2459 496 2530 det
521 2461 627 2529 Deus
653 2455 690 2524 in
716 2452 996 2527 retributionem
1019 2454 1285 2546 valetudinem,
1310 2457 1518 2552 potentiam
1543 2467 1581 2526 et
1607 2452 1703 2528 bona

751 2605 898 2664 coetero
933 2591 1080 2664 omnino
1113 2590 1260 2674 omnia,-

511 2725 614 2796 dedit
634 2721 722 2797 hoec
744 2727 837 2827 llegi
866 2725 1021 2828 signato
1046 2726 1084 2798 in
1110 2726 1243 2826 lingua
1267 2726 1508 2826 Aegyptiace

349 2937 382 2954 ,Ἴ
426 2845 722 2934 ¹Fridcricus
768 2867 1018 2960 Augustus
1071 2861 1358 2934 Guilielmus
1404 2859 1577 2957 Spohn,

328 3017 461 3064 amans
495 3016 639 3092 regem.
684 2994 803 3066 colens
844 3016 969 3092 regem
1003 3008 1041 3066 et
1075 3018 1198 3067 omnes
1230 2995 1378 3068 omnino
1414 2991 1532 3082 ὄντας
1563 2991 1689 3090 Regis.

225 3125 349 3214 Quum
375 3128 556 3197 antehoc
581 3138 754 3196 semestre
779 3127 1007 3220 prouinciam
1041 3125 1217 3191 illustrem
1249 3127 1422 3214 sortirer,
1456 3137 1497 3196 rt
1528 3124 1661 3195 librum
1694 3126 1950 3218 grauissimum

70 3265 243 3334 Sronrtn
268 3262 306 3328 iu
331 3237 449 3328 lucem
477 3263 641 3346 ederem3
664 3259 715 3348 ,id
747 3259 852 3327 breui
884 3268 1052 3354 ternpore
1085 3279 1108 3324 a
1141 3279 1202 3326 me
1233 3259 1414 3350 praestari
1448 3279 1558 3352 posse
1590 3258 1802 3352 sperabam,
1836 3261 1951 3332 tribus

70 3396 300 3493 potissimum
325 3393 524 3465 rationibus
548 3392 726 3462 inductus.
775 3389 1041 3486 Exspectabam
1064 3389 1160 3458 enim
1182 3387 1343 3481 liugu'am
1356 3388 1622 3488 Aegyptiorum
1644 3407 1805 3466 veterem
1819 3422 1949 3492 parum

72 3558 94 3602 a
118 3531 288 3624 Coptica,
314 3532 351 3600 in
378 3553 448 3623 qua
474 3551 547 3598 non
572 3526 705 3619 hospes
731 3525 822 3593 mihi
847 3524 1018 3614 videbar,
1050 3524 1254 3615 diuersam,
1287 3527 1504 3623 scripturam
1529 3552 1618 3634 vero
1643 3531 1713 3599 nisi
1739 3533 1950 3625 simplicem,

73 3678 172 3738 certe
202 3661 302 3736 haud
328 3663 561 3755 impeditam,
594 3681 722 3755 quam,
759 3659 962 3754 quicunque
992 3656 1225 3750 alphabetum
1251 3660 1291 3731 in
1323 3686 1450 3764 manus
1484 3663 1699 3766 susceperit,
1743 3689 1764 3764 e
1798 3669 1947 3758 vestigio

73 3803 225 3876 recitare
253 3808 398 3892 posset,
427 3807 534 3889 atque
559 3794 709 3864 schedas
735 3793 907 3862 Sromttt
932 3793 983 3861 ita
1008 3791 1136 3862 vberes
1162 3804 1200 3862 et
1229 3792 1426 3886 periectas,
1458 3803 1500 3865 rt
1530 3793 1580 3862 nil
1607 3795 1674 3864 nisi
1705 3797 1831 3867 vltima
1860 3799 1949 3870 lima

72 3939 179 4011 adiici
204 3934 372 4020 deberet3
412 3953 483 4025 qua
507 3930 545 3999 iu
570 3952 611 4000 re
638 3939 867 4024 quantopere
885 3925 999 3996 falsus
1025 3926 1094 3995 sim
1116 3938 1223 4022 atque
1248 3927 1428 4022 deceptus,
1453 3926 1618 3998 lubenter
1643 3951 1739 4000 nunc
1762 3931 1947 4026 profiteor.

73 4073 217 4146 Etenim
239 4069 345 4141 valde
372 4067 513 4136 diuersa
540 4075 594 4134 est
617 4063 740 4156 lingua
764 4061 916 4156 Coptica
931 4062 977 4132 ab
996 4086 1051 4152 ea,
1076 4086 1167 4156 quae
1192 4061 1248 4132 his
1261 4058 1523 4156 Aegyptiorum
1549 4029 1791 4138 monumentis
1813 4072 1948 4162 subest,

74 4214 109 4282 in
138 4231 209 4302 qua
235 4203 431 4274 erudienda
456 4200 749 4292 restituendaque
773 4197 891 4268 multo
917 4197 1043 4268 labore
1068 4197 1255 4292 multoque
1282 4197 1414 4269 sudore
1431 4223 1522 4294 opus
1549 4211 1613 4290 est,
1639 4167 1736 4296 quod
1762 4204 1787 4272 ii
1811 4173 1947 4300 optime

75 4346 244 4430 sentient,
288 4339 368 4433 qui,
407 4337 572 4434 quamuis
611 4335 828 4438 scriptorum
868 4326 1197 4426 Aegyptiacorum,
1240 4333 1280 4400 si·
1312 4334 1383 4404 dici
1423 4347 1653 4426 mereantur,
1696 4337 1948 4415 translationes

74 4479 225 4554 subinde
251 4471 495 4559 exhibuerint,
527 4469 617 4539 nihil
642 4479 747 4539 caute
773 4470 818 4538 de
843 4468 976 4561 lingua,
1010 4468 1145 4538 scilicet
1168 4490 1285 4560 neque
1316 4474 1477 4562 cognita,
1520 4496 1637 4567 nequa
1670 4476 1851 4570 inspecta,
1884 4480 1952 4552 sed
2059 4503 2061 4512 ’

74 4616 237 4710 neglecta
261 4620 297 4680 et
320 4610 484 4700 ignorata
510 4583 735 4678 addiderunt.
798 4604 984 4698 Scriptura
1009 4613 1130 4673 autem
1155 4599 1419 4698 Acgyptiorum
1445 4620 1609 4680 veterum
1635 4610 1799 4704 plurimis
1825 4585 1945 4708 vtique

75 4765 112 4826 et
135 4743 403 4822 incredibilibus
428 4740 571 4811 laborat
596 4738 877 4828 difficultatibus,
904 4760 1011 4832 quas,
1030 4763 1116 4808 erun
1141 4737 1230 4808 nihil
1255 4739 1298 4808 iis
1323 4709 1530 4846 comparari
1549 4746 1685 4839 possit,
1703 4769 1841 4846 ¹caussa
1866 4749 1944 4842 ipsa

76 5035 191 5096 totam
227 5039 327 5106 rem,
371 5015 401 5084 si
439 5015 559 5108 prima
594 5009 686 5082 risio
727 5029 831 5082 meae
873 5009 1034 5080 caecitati
1077 5031 1243 5080 concessa
1291 5011 1449 5118 luisset,
1495 5011 1628 5116 absque
1668 5013 1785 5096 dieue
1822 5013 1943 5094 Mart-e

78 5157 223 5255 aggredi
260 5163 299 5224 et
335 5149 500 5244 subigere
539 5145 755 5220 maluissem.
840 5144 941 5216 Nihil
982 5145 1100 5218 dicam
1139 5148 1184 5218 de
1220 5169 1284 5240 eo,
1325 5145 1422 5243 quod
1450 5123 1589 5222 ‘mortis
1624 5145 1944 5258 funerisquetrup

1299 5281 1323 5352 b
