<?xml version="1.0" encoding="UTF-8"?>
<!DOCTYPE html PUBLIC "-//W3C//DTD XHTML 1.0 Transitional//EN"
    "http://www.w3.org/TR/xhtml1/DTD/xhtml1-transitional.dtd">
<html xmlns="http://www.w3.org/1999/xhtml" xml:lang="en" lang="en">
 <head>
  <title>
</title>
<meta http-equiv="Content-Type" content="text/html;charset=utf-8" />
  <meta name='ocr-system' content='tesseract 3.04.00' />
  <meta name='ocr-capabilities' content='ocr_page ocr_carea ocr_par ocr_line ocrx_word'/>
</head>
<body>
  <div class='ocr_page' id='page_1' title='image "./delinguaetliter00spohgoog_0120.png"; bbox 0 0 4568 6076; ppageno 0'>
   <div class='ocr_carea' id='block_1_1' title="bbox 746 525 1157 602">
    <p class='ocr_par' dir='ltr' id='par_1_1' title="bbox 746 525 1157 602">
     <span class='ocr_line' id='line_1_1' title="bbox 746 525 1157 602; baseline 0.002 -9"><span class='ocrx_word' id='word_1_1' title='bbox 746 560 850 594; x_wconf 60' lang='lat' dir='ltr'>m</span> <span class='ocrx_word' id='word_1_2' title='bbox 925 525 985 602; x_wconf 76' lang='lat' dir='ltr'>tt·</span> <span class='ocrx_word' id='word_1_3' title='bbox 1052 561 1157 594; x_wconf 62' lang='lat' dir='ltr'><em>m</em></span> 
     </span>
    </p>
   </div>
   <div class='ocr_carea' id='block_1_2' title="bbox 30 730 1957 4878">
    <p class='ocr_par' dir='ltr' id='par_1_2' title="bbox 30 730 1957 2668">
     <span class='ocr_line' id='line_1_2' title="bbox 30 730 1878 834; baseline 0.005 -24"><span class='ocrx_word' id='word_1_4' title='bbox 30 745 180 825; x_wconf 72' lang='lat' dir='ltr'>renen,</span> <span class='ocrx_word' id='word_1_5' title='bbox 210 747 306 834; x_wconf 83' lang='lat' dir='ltr'>quae</span> <span class='ocrx_word' id='word_1_6' title='bbox 329 743 489 812; x_wconf 86' lang='lat' dir='ltr'>naturae</span> <span class='ocrx_word' id='word_1_7' title='bbox 511 749 648 812; x_wconf 80' lang='lat' dir='ltr'>eorum</span> <span class='ocrx_word' id='word_1_8' title='bbox 662 730 843 814; x_wconf 70' lang='lat' dir='ltr'>maxime</span> <span class='ocrx_word' id='word_1_9' title='bbox 866 733 1140 824; x_wconf 64' lang='lat' dir='ltr'>mammem,</span> <span class='ocrx_word' id='word_1_10' title='bbox 1173 755 1197 810; x_wconf 90' lang='lat' dir='ltr'>a</span> <span class='ocrx_word' id='word_1_11' title='bbox 1217 735 1379 832; x_wconf 84' lang='lat' dir='ltr'>reliquis·</span> <span class='ocrx_word' id='word_1_12' title='bbox 1392 737 1471 814; x_wconf 82' lang='lat' dir='ltr'>sibi</span> <span class='ocrx_word' id='word_1_13' title='bbox 1493 751 1681 823; x_wconf 80' lang='lat' dir='ltr'>cauercut&#39;</span> <span class='ocrx_word' id='word_1_14' title='bbox 1694 761 1878 820; x_wconf 76' lang='lat' dir='ltr'>manum--</span> 
     </span>
     <span class='ocr_line' id='line_1_3' title="bbox 30 839 1876 947; baseline 0.007 -23"><span class='ocrx_word' id='word_1_15' title='bbox 30 857 103 947; x_wconf 73' lang='lat' dir='ltr'>ou&#39;c</span> <span class='ocrx_word' id='word_1_16' title='bbox 125 853 369 928; x_wconf 77' lang='lat' dir='ltr'><strong>abstinerent.</strong></span> <span class='ocrx_word' id='word_1_17' title='bbox 432 849 539 926; x_wconf 87' lang='lat' dir='ltr'>Nibil</span> <span class='ocrx_word' id='word_1_18' title='bbox 560 862 705 928; x_wconf 86' lang='lat' dir='ltr'>temere</span> <span class='ocrx_word' id='word_1_19' title='bbox 726 839 922 938; x_wconf 78' lang='lat' dir='ltr'>sumebat,</span> <span class='ocrx_word' id='word_1_20' title='bbox 953 851 995 932; x_wconf 85' lang='lat' dir='ltr'>in</span> <span class='ocrx_word' id='word_1_21' title='bbox 1019 850 1271 928; x_wconf 81' lang='lat' dir='ltr'>emendandis</span> <span class='ocrx_word' id='word_1_22' title='bbox 1296 852 1406 932; x_wconf 79' lang='lat' dir='ltr'>salsis</span> <span class='ocrx_word' id='word_1_23' title='bbox 1427 854 1628 944; x_wconf 84' lang='lat' dir='ltr'>librorum.</span> <span class='ocrx_word' id='word_1_24' title='bbox 1639 858 1876 936; x_wconf 78' lang='lat' dir='ltr'>lectionibus</span> 
     </span>
     <span class='ocr_line' id='line_1_4' title="bbox 30 965 1919 1072; baseline 0.004 -34"><span class='ocrx_word' id='word_1_25' title='bbox 30 965 271 1046; x_wconf 75' lang='lat' dir='ltr'>felicissimus</span> <span class='ocrx_word' id='word_1_26' title='bbox 297 979 399 1054; x_wconf 89' lang='lat' dir='ltr'>erat,</span> <span class='ocrx_word' id='word_1_27' title='bbox 428 965 698 1042; x_wconf 79' lang='lat' dir='ltr'>inscribendo</span> <span class='ocrx_word' id='word_1_28' title='bbox 710 967 949 1042; x_wconf 70' lang='lat' dir='ltr'>,varietatem</span> <span class='ocrx_word' id='word_1_29' title='bbox 964 965 1136 1048; x_wconf 69' lang='lat' dir='ltr'>,attrabat</span> <span class='ocrx_word' id='word_1_30' title='bbox 1158 968 1459 1064; x_wconf 86' lang='lat' dir='ltr'>etplenitatern,</span> <span class='ocrx_word' id='word_1_31' title='bbox 1497 969 1601 1052; x_wconf 86' lang='lat' dir='ltr'>haud</span> <span class='ocrx_word' id='word_1_32' title='bbox 1623 996 1730 1062; x_wconf 89' lang='lat' dir='ltr'>raro,</span> <span class='ocrx_word' id='word_1_33' title='bbox 1751 976 1865 1071; x_wconf 25' lang='lat' dir='ltr'>*quod</span> <span class='ocrx_word' id='word_1_34' title='bbox 1914 1063 1919 1072; x_wconf 66' lang='lat'>„</span> 
     </span>
     <span class='ocr_line' id='line_1_5' title="bbox 30 1080 1865 1180; baseline 0.005 -24"><span class='ocrx_word' id='word_1_35' title='bbox 30 1084 171 1174; x_wconf 88' lang='lat' dir='ltr'>negari</span> <span class='ocrx_word' id='word_1_36' title='bbox 190 1085 354 1180; x_wconf 87' lang='lat' dir='ltr'>nequit,</span> <span class='ocrx_word' id='word_1_37' title='bbox 379 1081 529 1174; x_wconf 76' lang='lat' dir='ltr'>lougius</span> <span class='ocrx_word' id='word_1_38' title='bbox 563 1080 803 1169; x_wconf 69' lang='lat' dir='ltr'>arcessebat,</span> <span class='ocrx_word' id='word_1_39' title='bbox 842 1083 891 1164; x_wconf 82' lang='lat' dir='ltr'>si,</span> <span class='ocrx_word' id='word_1_40' title='bbox 910 1081 1149 1164; x_wconf 71' lang='lat' dir='ltr'>lacerasset</span> <span class='ocrx_word' id='word_1_41' title='bbox 1178 1105 1304 1166; x_wconf 85' lang='lat' dir='ltr'>nouae</span> <span class='ocrx_word' id='word_1_42' title='bbox 1324 1082 1538 1166; x_wconf 63' lang='lat' dir='ltr'>.2cuiusdarn</span> <span class='ocrx_word' id='word_1_43' title='bbox 1572 1085 1865 1166; x_wconf 82' lang='lat' dir='ltr'>obseruationis.</span> 
     </span>
     <span class='ocr_line' id='line_1_6' title="bbox 30 1193 1866 1296; baseline 0.008 -28"><span class='ocrx_word' id='word_1_44' title='bbox 30 1193 205 1278; x_wconf 70' lang='lat' dir='ltr'>Ceterum</span> <span class='ocrx_word' id='word_1_45' title='bbox 231 1195 576 1295; x_wconf 86' lang='lat' dir='ltr'>quaecunque-sibi</span> <span class='ocrx_word' id='word_1_46' title='bbox 598 1197 751 1283; x_wconf 76' lang='lat' dir='ltr'>vellet,</span> <span class='ocrx_word' id='word_1_47' title='bbox 770 1196 1133 1295; x_wconf 78' lang='lat' dir='ltr'>casimplicistime&#39;</span> <span class='ocrx_word' id='word_1_48' title='bbox 1146 1210 1260 1294; x_wconf 83' lang='lat' dir='ltr'>atquc</span> <span class='ocrx_word' id='word_1_49' title='bbox 1282 1200 1339 1272; x_wconf 88' lang='lat' dir='ltr'>ita</span> <span class='ocrx_word' id='word_1_50' title='bbox 1361 1198 1602 1296; x_wconf 86' lang='lat' dir='ltr'>prolerebat,</span> <span class='ocrx_word' id='word_1_51' title='bbox 1636 1214 1680 1276; x_wconf 92' lang='lat' dir='ltr'>vt</span> <span class='ocrx_word' id='word_1_52' title='bbox 1703 1219 1866 1282; x_wconf 88' lang='lat' dir='ltr'>restaret</span> 
     </span>
     <span class='ocr_line' id='line_1_7' title="bbox 30 1311 1957 1408; baseline 0.004 -22"><span class='ocrx_word' id='word_1_53' title='bbox 30 1313 173 1408; x_wconf 82' lang='lat' dir='ltr'>aliquid</span> <span class='ocrx_word' id='word_1_54' title='bbox 197 1314 248 1388; x_wconf 89' lang='lat' dir='ltr'>ad</span> <span class='ocrx_word' id='word_1_55' title='bbox 274 1311 520 1406; x_wconf 40' lang='lat' dir='ltr'>cogitandum.</span> <span class='ocrx_word' id='word_1_56' title='bbox 542 1323 582 1386; x_wconf 89' lang='lat' dir='ltr'>et</span> <span class='ocrx_word' id='word_1_57' title='bbox 605 1324 738 1392; x_wconf 61' lang='lat' dir='ltr'>mente,</span> <span class='ocrx_word' id='word_1_58' title='bbox 761 1311 1073 1407; x_wconf 60' lang='lat' dir='ltr'>assequendum,</span> <span class='ocrx_word' id='word_1_59' title='bbox 1096 1387 1098 1394; x_wconf 84' lang='grc'>,</span> <span class='ocrx_word' id='word_1_60' title='bbox 1128 1313 1252 1404; x_wconf 76' lang='lat' dir='ltr'>Quum</span> <span class='ocrx_word' id='word_1_61' title='bbox 1274 1315 1400 1395; x_wconf 29' lang='lat' dir='ltr'>,enim</span> <span class='ocrx_word' id='word_1_62' title='bbox 1417 1315 1539 1389; x_wconf 90' lang='lat' dir='ltr'>nimia</span> <span class='ocrx_word' id='word_1_63' title='bbox 1567 1319 1808 1406; x_wconf 71' lang='lat' dir='ltr'>tractatione..</span> <span class='ocrx_word' id='word_1_64' title='bbox 1828 1334 1868 1396; x_wconf 90' lang='lat' dir='ltr'>et</span> <span class='ocrx_word' id='word_1_65' title='bbox 1954 1325 1957 1336; x_wconf 82' lang='lat'><em>&#39;</em></span> 
     </span>
     <span class='ocr_line' id='line_1_8' title="bbox 30 1429 1867 1528; baseline 0.005 -27"><span class='ocrx_word' id='word_1_66' title='bbox 30 1429 134 1524; x_wconf 80' lang='lat' dir='ltr'>quasi</span> <span class='ocrx_word' id='word_1_67' title='bbox 159 1429 413 1524; x_wconf 73' lang='lat' dir='ltr'>palpitatione</span> <span class='ocrx_word' id='word_1_68' title='bbox 437 1429 885 1528; x_wconf 79' lang='lat' dir='ltr'>sententiarumsuccurn</span> <span class='ocrx_word' id='word_1_69' title='bbox 899 1439 939 1502; x_wconf 90' lang='lat' dir='ltr'>et</span> <span class='ocrx_word' id='word_1_70' title='bbox 953 1431 1183 1512; x_wconf 87' lang='lat' dir='ltr'>suauitatem</span> <span class='ocrx_word' id='word_1_71' title='bbox 1200 1451 1253 1510; x_wconf 84' lang='lat' dir='ltr'>ex</span> <span class='ocrx_word' id='word_1_72' title='bbox 1273 1431 1691 1528; x_wconf 73' lang='lat' dir='ltr'>iisexprirniputaret,</span> <span class='ocrx_word' id='word_1_73' title='bbox 1711 1435 1867 1510; x_wconf 87' lang='lat' dir='ltr'>nolebat</span> 
     </span>
     <span class='ocr_line' id='line_1_9' title="bbox 30 1543 1867 1641; baseline 0.003 -25"><span class='ocrx_word' id='word_1_74' title='bbox 30 1545 189 1616; x_wconf 81' lang='lat' dir='ltr'>lectores</span> <span class='ocrx_word' id='word_1_75' title='bbox 211 1543 343 1616; x_wconf 63' lang='lat' dir='ltr'>,taedii</span> <span class='ocrx_word' id='word_1_76' title='bbox 367 1543 586 1640; x_wconf 79' lang='lat' dir='ltr'>molestiam</span> <span class='ocrx_word' id='word_1_77' title='bbox 615 1547 809 1641; x_wconf 78' lang='lat' dir='ltr'>suscipata</span> <span class='ocrx_word' id='word_1_78' title='bbox 834 1565 906 1640; x_wconf 90' lang='lat' dir='ltr'>pro</span> <span class='ocrx_word' id='word_1_79' title='bbox 934 1545 1055 1624; x_wconf 86' lang='lat' dir='ltr'>animi</span> <span class='ocrx_word' id='word_1_80' title='bbox 1087 1545 1354 1628; x_wconf 80' lang='lat' dir='ltr'>oblectatione.</span> <span class='ocrx_word' id='word_1_81' title='bbox 1427 1543 1619 1635; x_wconf 76' lang='lat' dir='ltr'>Quantum</span> <span class='ocrx_word' id='word_1_82' title='bbox 1641 1550 1723 1630; x_wconf 86' lang='lat' dir='ltr'>cius</span> <span class='ocrx_word' id='word_1_83' title='bbox 1751 1550 1867 1624; x_wconf 82' lang='lat' dir='ltr'>fucrit</span> 
     </span>
     <span class='ocr_line' id='line_1_10' title="bbox 30 1657 1866 1755; baseline 0.004 -24"><span class='ocrx_word' id='word_1_84' title='bbox 30 1675 180 1747; x_wconf 83' lang='lat' dir='ltr'>nomen,</span> <span class='ocrx_word' id='word_1_85' title='bbox 205 1657 352 1731; x_wconf 89' lang='lat' dir='ltr'>duobus</span> <span class='ocrx_word' id='word_1_86' title='bbox 375 1657 752 1752; x_wconf 68' lang='lat' dir='ltr'>verbiusignilicalro.</span> <span class='ocrx_word' id='word_1_87' title='bbox 810 1657 1008 1732; x_wconf 81' lang='lat' dir='ltr'>Librarius</span> <span class='ocrx_word' id='word_1_88' title='bbox 1027 1658 1422 1755; x_wconf 83' lang='lat' dir='ltr'>honestissimuscum</span> <span class='ocrx_word' id='word_1_89' title='bbox 1438 1664 1627 1750; x_wconf 87' lang='lat' dir='ltr'>uouisset,</span> <span class='ocrx_word' id='word_1_90' title='bbox 1652 1663 1866 1742; x_wconf 76' lang='lat' dir='ltr'>Sroflurvu</span> 
     </span>
     <span class='ocr_line' id='line_1_11' title="bbox 30 1769 1866 1869; baseline 0.005 -23"><span class='ocrx_word' id='word_1_91' title='bbox 30 1769 215 1848; x_wconf 85' lang='lat' dir='ltr'>instruere</span> <span class='ocrx_word' id='word_1_92' title='bbox 230 1773 442 1862; x_wconf 84' lang='lat' dir='ltr'>editionem</span> <span class='ocrx_word' id='word_1_93' title='bbox 459 1774 672 1854; x_wconf 79' lang='lat' dir='ltr'>carminum</span> <span class='ocrx_word' id='word_1_94' title='bbox 685 1773 852 1862; x_wconf 81' lang='lat' dir='ltr'>Horatii,</span> <span class='ocrx_word' id='word_1_95' title='bbox 869 1784 982 1869; x_wconf 87' lang='lat' dir='ltr'>atque</span> <span class='ocrx_word' id='word_1_96' title='bbox 997 1775 1117 1854; x_wconf 87' lang='lat' dir='ltr'>vellet</span> <span class='ocrx_word' id='word_1_97' title='bbox 1131 1775 1244 1852; x_wconf 91' lang='lat' dir='ltr'>huius</span> <span class='ocrx_word' id='word_1_98' title='bbox 1261 1777 1339 1852; x_wconf 87' lang='lat' dir='ltr'>viri</span> <span class='ocrx_word' id='word_1_99' title='bbox 1355 1775 1453 1856; x_wconf 86' lang='lat' dir='ltr'>libro</span> <span class='ocrx_word' id='word_1_100' title='bbox 1470 1777 1742 1864; x_wconf 65' lang='lat' dir='ltr'>bibliothecam</span> <span class='ocrx_word' id='word_1_101' title='bbox 1757 1804 1866 1856; x_wconf 85' lang='lat' dir='ltr'>suam</span> 
     </span>
     <span class='ocr_line' id='line_1_12' title="bbox 30 1888 1865 1989; baseline 0.006 -28"><span class='ocrx_word' id='word_1_102' title='bbox 30 1910 195 1975; x_wconf 69' lang='lat' dir='ltr'>ornare,</span> <span class='ocrx_word' id='word_1_103' title='bbox 220 1891 400 1968; x_wconf 83' lang='lat' dir='ltr'>conuenlt</span> <span class='ocrx_word' id='word_1_104' title='bbox 425 1911 513 1963; x_wconf 89' lang='lat' dir='ltr'>eum</span> <span class='ocrx_word' id='word_1_105' title='bbox 538 1900 652 1984; x_wconf 89' lang='lat' dir='ltr'>atquc</span> <span class='ocrx_word' id='word_1_106' title='bbox 676 1901 811 1985; x_wconf 81' lang='lat' dir='ltr'>sponte</span> <span class='ocrx_word' id='word_1_107' title='bbox 825 1888 975 1970; x_wconf 87' lang='lat' dir='ltr'>obtulit</span> <span class='ocrx_word' id='word_1_108' title='bbox 998 1892 1175 1989; x_wconf 86' lang='lat' dir='ltr'>pretium.</span> <span class='ocrx_word' id='word_1_109' title='bbox 1189 1902 1356 1980; x_wconf 83' lang='lat' dir='ltr'>tanturn,</span> <span class='ocrx_word' id='word_1_110' title='bbox 1392 1904 1575 1987; x_wconf 84' lang='lat' dir='ltr'>quantum</span> <span class='ocrx_word' id='word_1_111' title='bbox 1593 1897 1730 1982; x_wconf 75' lang='lat' dir='ltr'>,nescio</span> <span class='ocrx_word' id='word_1_112' title='bbox 1754 1917 1805 1972; x_wconf 88' lang='lat' dir='ltr'>an</span> <span class='ocrx_word' id='word_1_113' title='bbox 1824 1901 1865 1988; x_wconf 87' lang='lat' dir='ltr'>io</span> 
     </span>
     <span class='ocr_line' id='line_1_13' title="bbox 30 2003 1865 2105; baseline 0.004 -26"><span class='ocrx_word' id='word_1_114' title='bbox 30 2005 237 2079; x_wconf 77' lang='lat' dir='ltr'>Germania</span> <span class='ocrx_word' id='word_1_115' title='bbox 257 2004 412 2100; x_wconf 88' lang='lat' dir='ltr'>quidem</span> <span class='ocrx_word' id='word_1_116' title='bbox 438 2005 505 2078; x_wconf 89' lang='lat' dir='ltr'>alii</span> <span class='ocrx_word' id='word_1_117' title='bbox 530 2003 683 2080; x_wconf 86' lang='lat' dir='ltr'>cuidam</span> <span class='ocrx_word' id='word_1_118' title='bbox 707 2025 776 2102; x_wconf 89' lang='lat' dir='ltr'>pru</span> <span class='ocrx_word' id='word_1_119' title='bbox 797 2005 883 2102; x_wconf 89' lang='lat' dir='ltr'>pari</span> <span class='ocrx_word' id='word_1_120' title='bbox 904 2008 1058 2100; x_wconf 90' lang='lat' dir='ltr'>negotio</span> <span class='ocrx_word' id='word_1_121' title='bbox 1080 2007 1316 2102; x_wconf 83' lang='lat' dir='ltr'>persolutum</span> <span class='ocrx_word' id='word_1_122' title='bbox 1337 2005 1454 2096; x_wconf 81' lang='lat' dir='ltr'>suerit</span> <span class='ocrx_word' id='word_1_123' title='bbox 1476 2031 1656 2105; x_wconf 80' lang='lat' dir='ltr'>unquam.</span> <span class='ocrx_word' id='word_1_124' title='bbox 1715 2013 1865 2088; x_wconf 77' lang='lat' dir='ltr'>Felices</span> 
     </span>
     <span class='ocr_line' id='line_1_14' title="bbox 30 2110 1866 2226; baseline 0.004 -32"><span class='ocrx_word' id='word_1_125' title='bbox 30 2143 66 2194; x_wconf 88' lang='lat' dir='ltr'>se</span> <span class='ocrx_word' id='word_1_126' title='bbox 90 2119 337 2218; x_wconf 84' lang='lat' dir='ltr'>praedicant,</span> <span class='ocrx_word' id='word_1_127' title='bbox 374 2120 509 2216; x_wconf 85' lang='lat' dir='ltr'>quibus</span> <span class='ocrx_word' id='word_1_128' title='bbox 532 2120 721 2226; x_wconf 87' lang='lat' dir='ltr'>contigit,</span> <span class='ocrx_word' id='word_1_129' title='bbox 744 2121 946 2208; x_wconf 73' lang='lat' dir='ltr'>vt&#39;semel,</span> <span class='ocrx_word' id='word_1_130' title='bbox 983 2120 1061 2211; x_wconf 90' lang='lat' dir='ltr'>bis,</span> <span class='ocrx_word' id='word_1_131' title='bbox 1099 2135 1158 2196; x_wconf 88' lang='lat' dir='ltr'>ter</span> <span class='ocrx_word' id='word_1_132' title='bbox 1181 2147 1251 2222; x_wconf 89' lang='lat' dir='ltr'>per</span> <span class='ocrx_word' id='word_1_133' title='bbox 1275 2135 1396 2196; x_wconf 88' lang='lat' dir='ltr'>totam</span> <span class='ocrx_word' id='word_1_134' title='bbox 1422 2126 1546 2213; x_wconf 87' lang='lat' dir='ltr'>vitam</span> <span class='ocrx_word' id='word_1_135' title='bbox 1572 2110 1621 2212; x_wconf 81' lang='lat' dir='ltr'>ab</span> <span class='ocrx_word' id='word_1_136' title='bbox 1644 2125 1866 2202; x_wconf 86' lang='lat' dir='ltr'>Academir&#39;s</span> 
     </span>
     <span class='ocr_line' id='line_1_15' title="bbox 30 2225 1866 2334; baseline 0.005 -26"><span class='ocrx_word' id='word_1_137' title='bbox 30 2235 177 2310; x_wconf 83' lang='lat' dir='ltr'>exteris</span> <span class='ocrx_word' id='word_1_138' title='bbox 207 2225 386 2310; x_wconf 89' lang='lat' dir='ltr'>aduocati</span> <span class='ocrx_word' id='word_1_139' title='bbox 410 2237 505 2326; x_wconf 84' lang='lat' dir='ltr'>sint3</span> <span class='ocrx_word' id='word_1_140' title='bbox 540 2236 754 2310; x_wconf 81' lang='lat' dir='ltr'>sronmvu</span> <span class='ocrx_word' id='word_1_141' title='bbox 778 2248 940 2334; x_wconf 91' lang='lat' dir='ltr'>quatuor</span> <span class='ocrx_word' id='word_1_142' title='bbox 969 2247 1008 2308; x_wconf 92' lang='lat' dir='ltr'>ct</span> <span class='ocrx_word' id='word_1_143' title='bbox 1039 2236 1172 2312; x_wconf 84' lang='lat' dir='ltr'>decern</span> <span class='ocrx_word' id='word_1_144' title='bbox 1197 2239 1311 2318; x_wconf 80' lang='lat' dir='ltr'>urbes</span> <span class='ocrx_word' id='word_1_145' title='bbox 1344 2238 1680 2332; x_wconf 85' lang='lat' dir='ltr'>splendidissimae</span> <span class='ocrx_word' id='word_1_146' title='bbox 1709 2244 1866 2330; x_wconf 79' lang='lat' dir='ltr'>nobilis,-</span> 
     </span>
     <span class='ocr_line' id='line_1_16' title="bbox 30 2352 1865 2452; baseline 0.004 -28"><span class='ocrx_word' id='word_1_147' title='bbox 30 2353 251 2448; x_wconf 82' lang='lat' dir='ltr'>rimaeque,</span> <span class='ocrx_word' id='word_1_148' title='bbox 275 2367 434 2449; x_wconf 83' lang='lat' dir='ltr'>qtrattrm</span> <span class='ocrx_word' id='word_1_149' title='bbox 458 2352 669 2434; x_wconf 77' lang='lat' dir='ltr'>nonnullas·</span> <span class='ocrx_word' id='word_1_150' title='bbox 684 2373 800 2448; x_wconf 82' lang='lat' dir='ltr'>supra</span> <span class='ocrx_word' id='word_1_151' title='bbox 822 2353 1128 2442; x_wconf 73' lang='lat' dir='ltr'>nominabimus,</span> <span class='ocrx_word' id='word_1_152' title='bbox 1155 2356 1256 2430; x_wconf 86' lang='lat' dir='ltr'>inter</span> <span class='ocrx_word' id='word_1_153' title='bbox 1274 2373 1411 2426; x_wconf 87' lang='lat' dir='ltr'>nouem</span> <span class='ocrx_word' id='word_1_154' title='bbox 1428 2375 1576 2452; x_wconf 60' lang='lat' dir='ltr'>›annos,</span> <span class='ocrx_word' id='word_1_155' title='bbox 1605 2371 1649 2430; x_wconf 88' lang='lat' dir='ltr'>vt</span> <span class='ocrx_word' id='word_1_156' title='bbox 1674 2380 1782 2432; x_wconf 91' lang='lat' dir='ltr'>suum</span> <span class='ocrx_word' id='word_1_157' title='bbox 1810 2361 1865 2432; x_wconf 85' lang='lat' dir='ltr'>sa-</span> 
     </span>
     <span class='ocr_line' id='line_1_17' title="bbox 30 2467 1864 2566; baseline 0.002 -25"><span class='ocrx_word' id='word_1_158' title='bbox 30 2481 177 2557; x_wconf 85' lang='lat' dir='ltr'>rcreut,</span> <span class='ocrx_word' id='word_1_159' title='bbox 204 2467 586 2566; x_wconf 81' lang='lat' dir='ltr'>operamdederuut,</span> <span class='ocrx_word' id='word_1_160' title='bbox 609 2468 842 2564; x_wconf 79' lang='lat' dir='ltr'>quo-honore</span> <span class='ocrx_word' id='word_1_161' title='bbox 858 2489 974 2552; x_wconf 87' lang='lat' dir='ltr'>nemo</span> <span class='ocrx_word' id='word_1_162' title='bbox 991 2491 1104 2558; x_wconf 77' lang='lat' dir='ltr'>uuus,</span> <span class='ocrx_word' id='word_1_163' title='bbox 1132 2469 1233 2565; x_wconf 87' lang='lat' dir='ltr'>quod</span> <span class='ocrx_word' id='word_1_164' title='bbox 1250 2467 1428 2565; x_wconf 83' lang='lat' dir='ltr'>equidem</span> <span class='ocrx_word' id='word_1_165' title='bbox 1450 2470 1554 2555; x_wconf 82' lang='lat' dir='ltr'>scio,</span> <span class='ocrx_word' id='word_1_166' title='bbox 1571 2469 1864 2566; x_wconf 82' lang='lat' dir='ltr'>adhuciurigui-¹</span> 
     </span>
     <span class='ocr_line' id='line_1_18' title="bbox 30 2585 1627 2668; baseline 0.001 -10"><span class='ocrx_word' id='word_1_167' title='bbox 30 2585 207 2659; x_wconf 55' lang='lat' dir='ltr'>notuit,</span> <span class='ocrx_word' id='word_1_168' title='bbox 550 2650 554 2658; x_wconf 36' lang='lat' dir='ltr'><em>s</em></span> <span class='ocrx_word' id='word_1_169' title='bbox 698 2657 700 2664; x_wconf 76' lang='grc'>,</span> <span class='ocrx_word' id='word_1_170' title='bbox 913 2663 915 2668; x_wconf 67' lang='lat'>,</span> <span class='ocrx_word' id='word_1_171' title='bbox 1062 2615 1064 2624; x_wconf 63' lang='grc'>’</span> <span class='ocrx_word' id='word_1_172' title='bbox 1196 2633 1200 2642; x_wconf 69' lang='grc'><strong><em>»</em></strong></span> <span class='ocrx_word' id='word_1_173' title='bbox 1379 2637 1380 2640; x_wconf 52' lang='lat'><em>=</em></span> <span class='ocrx_word' id='word_1_174' title='bbox 1543 2635 1548 2640; x_wconf 85' lang='lat'>-</span> <span class='ocrx_word' id='word_1_175' title='bbox 1624 2639 1627 2645; x_wconf 80' lang='lat'>·</span> 
     </span>
    </p>

    <p class='ocr_par' dir='ltr' id='par_1_3' title="bbox 30 2699 1863 4878">
     <span class='ocr_line' id='line_1_19' title="bbox 46 2699 1862 2798; baseline 0.003 -26"><span class='ocrx_word' id='word_1_176' title='bbox 46 2739 48 2744; x_wconf 94' lang='lat'>·</span> <span class='ocrx_word' id='word_1_177' title='bbox 111 2699 301 2791; x_wconf 81' lang='lat' dir='ltr'>Quaeres,</span> <span class='ocrx_word' id='word_1_178' title='bbox 317 2703 396 2798; x_wconf 32' lang='lat' dir='ltr'>Jqui</span> <span class='ocrx_word' id='word_1_179' title='bbox 425 2701 568 2776; x_wconf 83' lang='lat' dir='ltr'>sactum</span> <span class='ocrx_word' id='word_1_180' title='bbox 592 2701 661 2787; x_wconf 92' lang='lat' dir='ltr'>sit,</span> <span class='ocrx_word' id='word_1_181' title='bbox 701 2711 746 2776; x_wconf 88' lang='lat' dir='ltr'>vt</span> <span class='ocrx_word' id='word_1_182' title='bbox 776 2711 925 2776; x_wconf 85' lang='lat' dir='ltr'>tantam</span> <span class='ocrx_word' id='word_1_183' title='bbox 949 2701 1148 2780; x_wconf 86' lang='lat' dir='ltr'>doctrinae</span> <span class='ocrx_word' id='word_1_184' title='bbox 1177 2711 1216 2782; x_wconf 85' lang='lat' dir='ltr'>et</span> <span class='ocrx_word' id='word_1_185' title='bbox 1243 2699 1472 2786; x_wconf 85' lang='lat' dir='ltr'>eruditionis</span> <span class='ocrx_word' id='word_1_186' title='bbox 1495 2699 1649 2792; x_wconf 87' lang='lat' dir='ltr'>laudern</span> <span class='ocrx_word' id='word_1_187' title='bbox 1674 2700 1862 2793; x_wconf 84' lang='lat' dir='ltr'>habuerit,</span> 
     </span>
     <span class='ocr_line' id='line_1_20' title="bbox 30 2815 1861 2917; baseline 0.002 -26"><span class='ocrx_word' id='word_1_188' title='bbox 30 2819 247 2914; x_wconf 74' lang='lat' dir='ltr'>leonatus.</span> <span class='ocrx_word' id='word_1_189' title='bbox 290 2818 444 2900; x_wconf 78' lang='lat' dir='ltr'>Scilicet</span> <span class='ocrx_word' id='word_1_190' title='bbox 464 2828 626 2892; x_wconf 88' lang='lat' dir='ltr'>naturae</span> <span class='ocrx_word' id='word_1_191' title='bbox 643 2815 1029 2917; x_wconf 85' lang='lat' dir='ltr'>bonitasingoniique</span> <span class='ocrx_word' id='word_1_192' title='bbox 1053 2820 1187 2892; x_wconf 84' lang='lat' dir='ltr'>natiue</span> <span class='ocrx_word' id='word_1_193' title='bbox 1208 2819 1332 2902; x_wconf 78' lang='lat' dir='ltr'>uirtus</span> <span class='ocrx_word' id='word_1_194' title='bbox 1346 2839 1501 2902; x_wconf 86' lang='lat' dir='ltr'>summa</span> <span class='ocrx_word' id='word_1_195' title='bbox 1523 2841 1692 2915; x_wconf 87' lang='lat' dir='ltr'>quaeque</span> <span class='ocrx_word' id='word_1_196' title='bbox 1716 2817 1861 2894; x_wconf 80' lang='lat' dir='ltr'>efficere</span> 
     </span>
     <span class='ocr_line' id='line_1_21' title="bbox 30 2932 1862 3030; baseline 0.002 -24"><span class='ocrx_word' id='word_1_197' title='bbox 30 2937 199 3028; x_wconf 62' lang='lat' dir='ltr'>possunt,</span> <span class='ocrx_word' id='word_1_198' title='bbox 214 2951 279 3002; x_wconf 82' lang='lat' dir='ltr'>ear</span> <span class='ocrx_word' id='word_1_199' title='bbox 294 2943 420 3006; x_wconf 88' lang='lat' dir='ltr'>autern</span> <span class='ocrx_word' id='word_1_200' title='bbox 437 2953 513 3012; x_wconf 91' lang='lat' dir='ltr'>nun</span> <span class='ocrx_word' id='word_1_201' title='bbox 528 2932 690 3006; x_wconf 88' lang='lat' dir='ltr'>multum</span> <span class='ocrx_word' id='word_1_202' title='bbox 705 2947 902 3026; x_wconf 88' lang='lat' dir='ltr'>praestare</span> <span class='ocrx_word' id='word_1_203' title='bbox 915 2935 998 3014; x_wconf 88' lang='lat' dir='ltr'>sinc</span> <span class='ocrx_word' id='word_1_204' title='bbox 1015 2933 1254 3020; x_wconf 84' lang='lat' dir='ltr'>assiduitate,</span> <span class='ocrx_word' id='word_1_205' title='bbox 1269 2956 1392 3029; x_wconf 88' lang='lat' dir='ltr'>nequo</span> <span class='ocrx_word' id='word_1_206' title='bbox 1409 2933 1673 3024; x_wconf 81' lang='lat' dir='ltr'>assiduitatem</span> <span class='ocrx_word' id='word_1_207' title='bbox 1689 2939 1862 3030; x_wconf 83' lang='lat' dir='ltr'>quamuis</span> 
     </span>
     <span class='ocr_line' id='line_1_22' title="bbox 30 3045 1862 3142; baseline 0 -20"><span class='ocrx_word' id='word_1_208' title='bbox 30 3050 248 3140; x_wconf 79' lang='lat' dir='ltr'>diligentem</span> <span class='ocrx_word' id='word_1_209' title='bbox 274 3047 367 3122; x_wconf 81' lang='lat' dir='ltr'>sine¹</span> <span class='ocrx_word' id='word_1_210' title='bbox 380 3059 462 3120; x_wconf 90' lang='lat' dir='ltr'>erte</span> <span class='ocrx_word' id='word_1_211' title='bbox 486 3045 670 3141; x_wconf 87' lang='lat' dir='ltr'>quadam,</span> <span class='ocrx_word' id='word_1_212' title='bbox 700 3047 784 3140; x_wconf 90' lang='lat' dir='ltr'>quis</span> <span class='ocrx_word' id='word_1_213' title='bbox 807 3057 884 3131; x_wconf 88' lang='lat' dir='ltr'>est,</span> <span class='ocrx_word' id='word_1_214' title='bbox 914 3045 1165 3142; x_wconf 33' lang='lat' dir='ltr'>qutignurctt</span> <span class='ocrx_word' id='word_1_215' title='bbox 1222 3047 1670 3140; x_wconf 84' lang='lat' dir='ltr'>Primariaeiusingcnii</span> <span class='ocrx_word' id='word_1_216' title='bbox 1692 3049 1862 3124; x_wconf 86' lang='lat' dir='ltr'>deserat</span> 
     </span>
     <span class='ocr_line' id='line_1_23' title="bbox 30 3161 1859 3257; baseline 0.004 -22"><span class='ocrx_word' id='word_1_217' title='bbox 30 3164 213 3248; x_wconf 84' lang='lat' dir='ltr'>lucilitas,</span> <span class='ocrx_word' id='word_1_218' title='bbox 243 3183 342 3257; x_wconf 88' lang='lat' dir='ltr'>quae</span> <span class='ocrx_word' id='word_1_219' title='bbox 364 3161 528 3249; x_wconf 87' lang='lat' dir='ltr'>laceret,</span> <span class='ocrx_word' id='word_1_220' title='bbox 553 3172 858 3256; x_wconf 14' lang='lat' dir='ltr'>mr,·quucunque</span> <span class='ocrx_word' id='word_1_221' title='bbox 876 3161 1085 3257; x_wconf 86' lang='lat' dir='ltr'>appelleret</span> <span class='ocrx_word' id='word_1_222' title='bbox 1106 3161 1297 3248; x_wconf 83' lang='lat' dir='ltr'>animum,</span> <span class='ocrx_word' id='word_1_223' title='bbox 1323 3162 1364 3248; x_wconf 85' lang='lat' dir='ltr'>io</span> <span class='ocrx_word' id='word_1_224' title='bbox 1385 3183 1440 3242; x_wconf 42' lang='lat' dir='ltr'>eo,</span> <span class='ocrx_word' id='word_1_225' title='bbox 1456 3183 1540 3250; x_wconf 85' lang='lat' dir='ltr'>cuon</span> <span class='ocrx_word' id='word_1_226' title='bbox 1554 3161 1859 3254; x_wconf 80' lang='lat' dir='ltr'>lolicisuccessu</span> 
     </span>
     <span class='ocr_line' id='line_1_24' title="bbox 30 3275 1860 3373; baseline 0.002 -22"><span class='ocrx_word' id='word_1_227' title='bbox 30 3275 111 3352; x_wconf 83' lang='lat' dir='ltr'>sine</span> <span class='ocrx_word' id='word_1_228' title='bbox 133 3277 255 3360; x_wconf 88' lang='lat' dir='ltr'>multa</span> <span class='ocrx_word' id='word_1_229' title='bbox 275 3288 315 3348; x_wconf 88' lang='lat' dir='ltr'>et</span> <span class='ocrx_word' id='word_1_230' title='bbox 339 3276 482 3350; x_wconf 89' lang='lat' dir='ltr'>laboris</span> <span class='ocrx_word' id='word_1_231' title='bbox 505 3288 543 3347; x_wconf 90' lang='lat' dir='ltr'>ct</span> <span class='ocrx_word' id='word_1_232' title='bbox 571 3277 754 3373; x_wconf 81' lang='lat' dir='ltr'>temporis</span> <span class='ocrx_word' id='word_1_233' title='bbox 784 3276 965 3371; x_wconf 73' lang='lat' dir='ltr'>impensa,</span> <span class='ocrx_word' id='word_1_234' title='bbox 986 3289 1217 3352; x_wconf 86' lang='lat' dir='ltr'>versaretur.</span> <span class='ocrx_word' id='word_1_235' title='bbox 1281 3276 1472 3362; x_wconf 86' lang='lat' dir='ltr'>Memoria</span> <span class='ocrx_word' id='word_1_236' title='bbox 1504 3279 1585 3352; x_wconf 89' lang='lat' dir='ltr'>eius</span> <span class='ocrx_word' id='word_1_237' title='bbox 1614 3281 1860 3354; x_wconf 87' lang='lat' dir='ltr'>tenacissima</span> 
     </span>
     <span class='ocr_line' id='line_1_25' title="bbox 30 3390 1861 3490; baseline 0 -22"><span class='ocrx_word' id='word_1_238' title='bbox 30 3396 113 3468; x_wconf 81' lang='lat' dir='ltr'>vix·</span> <span class='ocrx_word' id='word_1_239' title='bbox 133 3393 270 3465; x_wconf 72' lang='lat' dir='ltr'>‘satiari</span> <span class='ocrx_word' id='word_1_240' title='bbox 301 3413 414 3489; x_wconf 85' lang='lat' dir='ltr'>posse</span> <span class='ocrx_word' id='word_1_241' title='bbox 439 3390 663 3479; x_wconf 83' lang='lat' dir='ltr'>videbattu3</span> <span class='ocrx_word' id='word_1_242' title='bbox 700 3392 880 3483; x_wconf 86' lang='lat' dir='ltr'>cogitatio</span> <span class='ocrx_word' id='word_1_243' title='bbox 900 3413 1051 3466; x_wconf 89' lang='lat' dir='ltr'>summa</span> <span class='ocrx_word' id='word_1_244' title='bbox 1073 3392 1272 3476; x_wconf 82' lang='lat' dir='ltr'>alacritate</span> <span class='ocrx_word' id='word_1_245' title='bbox 1297 3394 1427 3474; x_wconf 85' lang='lat' dir='ltr'>omrria</span> <span class='ocrx_word' id='word_1_246' title='bbox 1461 3392 1716 3485; x_wconf 84' lang='lat' dir='ltr'>discurrebat;</span> <span class='ocrx_word' id='word_1_247' title='bbox 1749 3419 1861 3490; x_wconf 82' lang='lat' dir='ltr'>quae-</span> 
     </span>
     <span class='ocr_line' id='line_1_26' title="bbox 30 3505 1861 3602; baseline 0.003 -22"><span class='ocrx_word' id='word_1_248' title='bbox 30 3507 173 3602; x_wconf 82' lang='lat' dir='ltr'>cunque</span> <span class='ocrx_word' id='word_1_249' title='bbox 197 3510 233 3580; x_wconf 91' lang='lat' dir='ltr'>ei</span> <span class='ocrx_word' id='word_1_250' title='bbox 254 3508 302 3580; x_wconf 91' lang='lat' dir='ltr'>ob</span> <span class='ocrx_word' id='word_1_251' title='bbox 328 3507 457 3594; x_wconf 90' lang='lat' dir='ltr'>oculos</span> <span class='ocrx_word' id='word_1_252' title='bbox 480 3506 546 3582; x_wconf 88' lang='lat' dir='ltr'>vel</span> <span class='ocrx_word' id='word_1_253' title='bbox 565 3508 758 3580; x_wconf 91' lang='lat' dir='ltr'>internum</span> <span class='ocrx_word' id='word_1_254' title='bbox 783 3505 917 3589; x_wconf 76' lang='lat' dir='ltr'>lumen,</span> <span class='ocrx_word' id='word_1_255' title='bbox 936 3505 1234 3595; x_wconf 82' lang='lat' dir='ltr'>abducerentur,</span> <span class='ocrx_word' id='word_1_256' title='bbox 1271 3506 1654 3594; x_wconf 82' lang='lat' dir='ltr'>adnominutissirna</span> <span class='ocrx_word' id='word_1_257' title='bbox 1683 3509 1861 3590; x_wconf 87' lang='lat' dir='ltr'>obserua-</span> 
     </span>
     <span class='ocr_line' id='line_1_27' title="bbox 30 3615 1858 3720; baseline 0.002 -24"><span class='ocrx_word' id='word_1_258' title='bbox 30 3615 95 3696; x_wconf 87' lang='lat' dir='ltr'>bat</span> <span class='ocrx_word' id='word_1_259' title='bbox 116 3635 154 3695; x_wconf 92' lang='lat' dir='ltr'>ct</span> <span class='ocrx_word' id='word_1_260' title='bbox 181 3621 455 3720; x_wconf 71' lang='lat' dir='ltr'>perspiciebat,</span> <span class='ocrx_word' id='word_1_261' title='bbox 495 3623 713 3696; x_wconf 86' lang='lat' dir='ltr'>acutissime</span> <span class='ocrx_word' id='word_1_262' title='bbox 730 3620 987 3708; x_wconf 63' lang='lat' dir='ltr'>„discernebat</span> <span class='ocrx_word' id='word_1_263' title='bbox 1015 3644 1110 3696; x_wconf 85' lang='lat' dir='ltr'>vera</span> <span class='ocrx_word' id='word_1_264' title='bbox 1140 3645 1164 3694; x_wconf 89' lang='lat' dir='ltr'>a</span> <span class='ocrx_word' id='word_1_265' title='bbox 1191 3621 1330 3711; x_wconf 66' lang='lat' dir='ltr'>falsa,</span> <span class='ocrx_word' id='word_1_266' title='bbox 1358 3623 1550 3698; x_wconf 81' lang='lat' dir='ltr'>facillime·</span> <span class='ocrx_word' id='word_1_267' title='bbox 1573 3626 1858 3702; x_wconf 88' lang='lat' dir='ltr'>recordabatur.</span> 
     </span>
     <span class='ocr_line' id='line_1_28' title="bbox 30 3735 1858 3838; baseline 0.001 -26"><span class='ocrx_word' id='word_1_268' title='bbox 30 3738 172 3814; x_wconf 83' lang='lat' dir='ltr'>Audiui</span> <span class='ocrx_word' id='word_1_269' title='bbox 192 3761 280 3820; x_wconf 88' lang='lat' dir='ltr'>eum</span> <span class='ocrx_word' id='word_1_270' title='bbox 305 3736 511 3834; x_wconf 77' lang='lat' dir='ltr'>aliquando</span> <span class='ocrx_word' id='word_1_271' title='bbox 527 3737 648 3812; x_wconf 81' lang='lat' dir='ltr'>verba</span> <span class='ocrx_word' id='word_1_272' title='bbox 662 3747 846 3832; x_wconf 83' lang='lat' dir='ltr'>repetere,</span> <span class='ocrx_word' id='word_1_273' title='bbox 868 3735 1003 3833; x_wconf 89' lang='lat' dir='ltr'>quibus</span> <span class='ocrx_word' id='word_1_274' title='bbox 1018 3758 1097 3822; x_wconf 90' lang='lat' dir='ltr'>non</span> <span class='ocrx_word' id='word_1_275' title='bbox 1116 3736 1385 3838; x_wconf 83' lang='lat' dir='ltr'>inhonorificis</span> <span class='ocrx_word' id='word_1_276' title='bbox 1394 3759 1543 3811; x_wconf 88' lang='lat' dir='ltr'>nouem</span> <span class='ocrx_word' id='word_1_277' title='bbox 1559 3742 1671 3826; x_wconf 83' lang='lat' dir='ltr'>anuis</span> <span class='ocrx_word' id='word_1_278' title='bbox 1692 3753 1781 3814; x_wconf 89' lang='lat' dir='ltr'>ante</span> <span class='ocrx_word' id='word_1_279' title='bbox 1796 3765 1858 3832; x_wconf 86' lang='lat' dir='ltr'>me</span> 
     </span>
     <span class='ocr_line' id='line_1_29' title="bbox 30 3847 1857 3952; baseline 0.002 -26"><span class='ocrx_word' id='word_1_280' title='bbox 30 3856 309 3952; x_wconf 84' lang='lat' dir='ltr'>appellauerat,</span> <span class='ocrx_word' id='word_1_281' title='bbox 339 3877 423 3928; x_wconf 86' lang='lat' dir='ltr'>cum</span> <span class='ocrx_word' id='word_1_282' title='bbox 448 3854 615 3951; x_wconf 88' lang='lat' dir='ltr'>primurn</span> <span class='ocrx_word' id='word_1_283' title='bbox 639 3855 680 3926; x_wconf 91' lang='lat' dir='ltr'>in</span> <span class='ocrx_word' id='word_1_284' title='bbox 701 3854 783 3934; x_wconf 91' lang='lat' dir='ltr'>eius</span> <span class='ocrx_word' id='word_1_285' title='bbox 809 3853 987 3934; x_wconf 85' lang='lat' dir='ltr'>notitiam</span> <span class='ocrx_word' id='word_1_286' title='bbox 1008 3847 1225 3936; x_wconf 77' lang='lat' dir='ltr'>venissem..</span> <span class='ocrx_word' id='word_1_287' title='bbox 1281 3850 1407 3926; x_wconf 68' lang='lat' dir='ltr'>l&#39;nam</span> <span class='ocrx_word' id='word_1_288' title='bbox 1428 3866 1590 3932; x_wconf 90' lang='lat' dir='ltr'>naturae</span> <span class='ocrx_word' id='word_1_289' title='bbox 1621 3854 1857 3942; x_wconf 85' lang='lat' dir='ltr'>alacritatem</span> 
     </span>
     <span class='ocr_line' id='line_1_30' title="bbox 30 3965 1858 4068; baseline 0.002 -27"><span class='ocrx_word' id='word_1_290' title='bbox 30 3985 65 4042; x_wconf 78' lang='lat' dir='ltr'>u&#39;t</span> <span class='ocrx_word' id='word_1_291' title='bbox 99 3971 308 4064; x_wconf 80' lang='lat' dir='ltr'>agilitatem</span> <span class='ocrx_word' id='word_1_292' title='bbox 338 3969 553 4060; x_wconf 83' lang='lat' dir='ltr'>studiorum</span> <span class='ocrx_word' id='word_1_293' title='bbox 576 3969 764 4042; x_wconf 89' lang='lat' dir='ltr'>seueritas</span> <span class='ocrx_word' id='word_1_294' title='bbox 789 3967 949 4054; x_wconf 87' lang='lat' dir='ltr'>subinde</span> <span class='ocrx_word' id='word_1_295' title='bbox 984 3967 1259 4062; x_wconf 84' lang='lat' dir='ltr'>aliquantultun</span> <span class='ocrx_word' id='word_1_296' title='bbox 1284 3965 1519 4063; x_wconf 84' lang='lat' dir='ltr'>depauerat,</span> <span class='ocrx_word' id='word_1_297' title='bbox 1549 3970 1748 4062; x_wconf 87' lang='lat' dir='ltr'>nimirum,</span> <span class='ocrx_word' id='word_1_298' title='bbox 1768 3996 1858 4068; x_wconf 66' lang='lat' dir='ltr'>⁴quo</span> 
     </span>
     <span class='ocr_line' id='line_1_31' title="bbox 30 4080 1858 4176; baseline -0.001 -12"><span class='ocrx_word' id='word_1_299' title='bbox 30 4086 182 4164; x_wconf 82' lang='lat' dir='ltr'>vberius</span> <span class='ocrx_word' id='word_1_300' title='bbox 199 4086 304 4158; x_wconf 88' lang='lat' dir='ltr'>aliae</span> <span class='ocrx_word' id='word_1_301' title='bbox 326 4085 527 4160; x_wconf 81' lang='lat' dir='ltr'>facultates</span> <span class='ocrx_word' id='word_1_302' title='bbox 556 4087 670 4158; x_wconf 83' lang='lat' dir='ltr'>iuxta</span> <span class='ocrx_word' id='word_1_303' title='bbox 696 4083 869 4172; x_wconf 84' lang='lat' dir='ltr'>residuas</span> <span class='ocrx_word' id='word_1_304' title='bbox 900 4095 1165 4158; x_wconf 62' lang='lat' dir='ltr'>nascerentur.⁴</span> <span class='ocrx_word' id='word_1_305' title='bbox 1232 4080 1314 4170; x_wconf 84' lang='lat' dir='ltr'>Quo</span> <span class='ocrx_word' id='word_1_306' title='bbox 1346 4084 1469 4156; x_wconf 84' lang='lat' dir='ltr'>rnaior</span> <span class='ocrx_word' id='word_1_307' title='bbox 1498 4087 1601 4158; x_wconf 86' lang='lat' dir='ltr'>enirn</span> <span class='ocrx_word' id='word_1_308' title='bbox 1630 4097 1689 4168; x_wconf 77' lang='lat' dir='ltr'>est</span> <span class='ocrx_word' id='word_1_309' title='bbox 1719 4111 1858 4176; x_wconf 88' lang='lat' dir='ltr'>rerum,</span> 
     </span>
     <span class='ocr_line' id='line_1_32' title="bbox 30 4197 1861 4297; baseline 0.001 -22"><span class='ocrx_word' id='word_1_310' title='bbox 30 4224 121 4296; x_wconf 85' lang='lat' dir='ltr'>quas</span> <span class='ocrx_word' id='word_1_311' title='bbox 146 4200 348 4274; x_wconf 89' lang='lat' dir='ltr'>discendas</span> <span class='ocrx_word' id='word_1_312' title='bbox 371 4201 576 4290; x_wconf 87' lang='lat' dir='ltr'>habemus,</span> <span class='ocrx_word' id='word_1_313' title='bbox 608 4202 739 4297; x_wconf 89' lang='lat' dir='ltr'>copia,</span> <span class='ocrx_word' id='word_1_314' title='bbox 768 4221 890 4297; x_wconf 85' lang='lat' dir='ltr'>quoue</span> <span class='ocrx_word' id='word_1_315' title='bbox 912 4201 1040 4273; x_wconf 84' lang='lat' dir='ltr'>minua</span> <span class='ocrx_word' id='word_1_316' title='bbox 1063 4222 1131 4294; x_wconf 88' lang='lat' dir='ltr'>per</span> <span class='ocrx_word' id='word_1_317' title='bbox 1155 4219 1262 4274; x_wconf 85' lang='lat' dir='ltr'>suam</span> <span class='ocrx_word' id='word_1_318' title='bbox 1286 4197 1463 4286; x_wconf 86' lang='lat' dir='ltr'>indolem</span> <span class='ocrx_word' id='word_1_319' title='bbox 1480 4203 1657 4290; x_wconf 88' lang='lat' dir='ltr'>animum</span> <span class='ocrx_word' id='word_1_320' title='bbox 1687 4203 1861 4284; x_wconf 86' lang='lat' dir='ltr'>alliciunt</span> 
     </span>
     <span class='ocr_line' id='line_1_33' title="bbox 30 4315 1859 4416; baseline 0.002 -27"><span class='ocrx_word' id='word_1_321' title='bbox 30 4329 75 4389; x_wconf 66' lang='lat' dir='ltr'>et«</span> <span class='ocrx_word' id='word_1_322' title='bbox 90 4317 244 4390; x_wconf 78' lang='lat' dir='ltr'>flectunt</span> <span class='ocrx_word' id='word_1_323' title='bbox 266 4316 317 4390; x_wconf 88' lang='lat' dir='ltr'>ad</span> <span class='ocrx_word' id='word_1_324' title='bbox 338 4316 633 4392; x_wconf 86' lang='lat' dir='ltr'>meditationem·</span> <span class='ocrx_word' id='word_1_325' title='bbox 655 4317 894 4404; x_wconf 84' lang='lat' dir='ltr'>liberiorem,</span> <span class='ocrx_word' id='word_1_326' title='bbox 930 4338 976 4388; x_wconf 90' lang='lat' dir='ltr'>eo</span> <span class='ocrx_word' id='word_1_327' title='bbox 1007 4317 1129 4408; x_wconf 80' lang='lat' dir='ltr'>magis</span> <span class='ocrx_word' id='word_1_328' title='bbox 1155 4337 1206 4400; x_wconf 42' lang='lat' dir='ltr'>eaw</span> <span class='ocrx_word' id='word_1_329' title='bbox 1231 4315 1353 4398; x_wconf 90' lang='lat' dir='ltr'>animi</span> <span class='ocrx_word' id='word_1_330' title='bbox 1378 4316 1440 4400; x_wconf 85' lang='lat' dir='ltr'>vis</span> <span class='ocrx_word' id='word_1_331' title='bbox 1468 4317 1720 4414; x_wconf 84' lang='lat' dir='ltr'>obtorpesoit,</span> <span class='ocrx_word' id='word_1_332' title='bbox 1763 4343 1859 4416; x_wconf 90' lang='lat' dir='ltr'>quae</span> 
     </span>
     <span class='ocr_line' id='line_1_34' title="bbox 30 4428 1858 4531; baseline 0.002 -27"><span class='ocrx_word' id='word_1_333' title='bbox 30 4435 66 4528; x_wconf 82' lang='lat' dir='ltr'>in</span> <span class='ocrx_word' id='word_1_334' title='bbox 90 4431 459 4506; x_wconf 82' lang='lat' dir='ltr'>nouis-inueniendis</span> <span class='ocrx_word' id='word_1_335' title='bbox 477 4444 516 4504; x_wconf 88' lang='lat' dir='ltr'>ct</span> <span class='ocrx_word' id='word_1_336' title='bbox 532 4431 675 4504; x_wconf 86' lang='lat' dir='ltr'>diserte</span> <span class='ocrx_word' id='word_1_337' title='bbox 688 4431 946 4528; x_wconf 88' lang='lat' dir='ltr'>proponendis</span> <span class='ocrx_word' id='word_1_338' title='bbox 962 4433 1140 4516; x_wconf 89' lang='lat' dir='ltr'>cernitur.</span> <span class='ocrx_word' id='word_1_339' title='bbox 1201 4428 1285 4520; x_wconf 77' lang='lat' dir='ltr'>Qua</span> <span class='ocrx_word' id='word_1_340' title='bbox 1299 4429 1346 4503; x_wconf 90' lang='lat' dir='ltr'>dc</span> <span class='ocrx_word' id='word_1_341' title='bbox 1364 4454 1406 4503; x_wconf 88' lang='lat' dir='ltr'>rc</span> <span class='ocrx_word' id='word_1_342' title='bbox 1426 4431 1644 4521; x_wconf 67' lang='lat' dir='ltr'>hunceniis,</span> <span class='ocrx_word' id='word_1_343' title='bbox 1673 4437 1749 4531; x_wconf 90' lang='lat' dir='ltr'>qui,</span> <span class='ocrx_word' id='word_1_344' title='bbox 1774 4459 1858 4508; x_wconf 89' lang='lat' dir='ltr'>cum</span> 
     </span>
     <span class='ocr_line' id='line_1_35' title="bbox 30 4546 1860 4646; baseline 0 -26"><span class='ocrx_word' id='word_1_345' title='bbox 30 4550 190 4622; x_wconf 86' lang='lat' dir='ltr'>scientia</span> <span class='ocrx_word' id='word_1_346' title='bbox 213 4571 312 4646; x_wconf 86' lang='lat' dir='ltr'>nuno</span> <span class='ocrx_word' id='word_1_347' title='bbox 334 4547 480 4620; x_wconf 87' lang='lat' dir='ltr'>ambitu</span> <span class='ocrx_word' id='word_1_348' title='bbox 502 4549 647 4640; x_wconf 88' lang='lat' dir='ltr'>ingenti</span> <span class='ocrx_word' id='word_1_349' title='bbox 672 4547 751 4619; x_wconf 89' lang='lat' dir='ltr'>sere</span> <span class='ocrx_word' id='word_1_350' title='bbox 773 4548 842 4635; x_wconf 90' lang='lat' dir='ltr'>sit,</span> <span class='ocrx_word' id='word_1_351' title='bbox 864 4549 1002 4620; x_wconf 90' lang='lat' dir='ltr'>maiori</span> <span class='ocrx_word' id='word_1_352' title='bbox 1022 4546 1121 4630; x_wconf 84' lang='lat' dir='ltr'>adeo</span> <span class='ocrx_word' id='word_1_353' title='bbox 1141 4548 1182 4618; x_wconf 89' lang='lat' dir='ltr'>in</span> <span class='ocrx_word' id='word_1_354' title='bbox 1205 4546 1287 4632; x_wconf 75' lang='lat' dir='ltr'>(lies</span> <span class='ocrx_word' id='word_1_355' title='bbox 1303 4549 1388 4634; x_wconf 86' lang='lat' dir='ltr'>liat,</span> <span class='ocrx_word' id='word_1_356' title='bbox 1415 4558 1563 4622; x_wconf 90' lang='lat' dir='ltr'>tantum</span> <span class='ocrx_word' id='word_1_357' title='bbox 1579 4551 1724 4646; x_wconf 81' lang='lat' dir='ltr'>vigoris</span> <span class='ocrx_word' id='word_1_358' title='bbox 1741 4551 1860 4622; x_wconf 86' lang='lat' dir='ltr'>animi</span> 
     </span>
     <span class='ocr_line' id='line_1_36' title="bbox 30 4663 1859 4761; baseline 0.001 -25"><span class='ocrx_word' id='word_1_359' title='bbox 30 4663 76 4739; x_wconf 86' lang='lat' dir='ltr'>ad</span> <span class='ocrx_word' id='word_1_360' title='bbox 100 4665 296 4744; x_wconf 87' lang='lat' dir='ltr'>literarum</span> <span class='ocrx_word' id='word_1_361' title='bbox 324 4665 592 4738; x_wconf 87' lang='lat' dir='ltr'>tractationem</span> <span class='ocrx_word' id='word_1_362' title='bbox 618 4675 842 4760; x_wconf 90' lang='lat' dir='ltr'>apportant,</span> <span class='ocrx_word' id='word_1_363' title='bbox 864 4676 908 4737; x_wconf 93' lang='lat' dir='ltr'>vt</span> <span class='ocrx_word' id='word_1_364' title='bbox 932 4664 1094 4761; x_wconf 89' lang='lat' dir='ltr'>possint</span> <span class='ocrx_word' id='word_1_365' title='bbox 1110 4663 1271 4736; x_wconf 86' lang='lat' dir='ltr'>aliarum</span> <span class='ocrx_word' id='word_1_366' title='bbox 1293 4663 1479 4736; x_wconf 83' lang='lat' dir='ltr'>virtutum</span> <span class='ocrx_word' id='word_1_367' title='bbox 1505 4664 1688 4754; x_wconf 82' lang='lat' dir='ltr'>beneficio</span> <span class='ocrx_word' id='word_1_368' title='bbox 1717 4664 1859 4738; x_wconf 87' lang='lat' dir='ltr'>dehac</span> 
     </span>
     <span class='ocr_line' id='line_1_37' title="bbox 30 4778 1863 4878; baseline -0.002 -26"><span class='ocrx_word' id='word_1_369' title='bbox 30 4779 171 4876; x_wconf 87' lang='lat' dir='ltr'>aliquid</span> <span class='ocrx_word' id='word_1_370' title='bbox 195 4779 355 4852; x_wconf 87' lang='lat' dir='ltr'>subinde</span> <span class='ocrx_word' id='word_1_371' title='bbox 381 4779 523 4872; x_wconf 88' lang='lat' dir='ltr'>largiri.</span> <span class='ocrx_word' id='word_1_372' title='bbox 581 4779 784 4852; x_wconf 86' lang='lat' dir='ltr'>Praeterea</span> <span class='ocrx_word' id='word_1_373' title='bbox 815 4790 1034 4854; x_wconf 85' lang='lat' dir='ltr'>constanter</span> <span class='ocrx_word' id='word_1_374' title='bbox 1057 4778 1283 4864; x_wconf 76' lang='lat' dir='ltr'>SPOHMVS,</span> <span class='ocrx_word' id='word_1_375' title='bbox 1308 4800 1393 4851; x_wconf 83' lang='lat' dir='ltr'>curn</span> <span class='ocrx_word' id='word_1_376' title='bbox 1424 4781 1522 4855; x_wconf 88' lang='lat' dir='ltr'>altos</span> <span class='ocrx_word' id='word_1_377' title='bbox 1546 4783 1703 4878; x_wconf 87' lang='lat' dir='ltr'>spiritus</span> <span class='ocrx_word' id='word_1_378' title='bbox 1733 4781 1774 4850; x_wconf 91' lang='lat' dir='ltr'>in</span> <span class='ocrx_word' id='word_1_379' title='bbox 1798 4801 1863 4873; x_wconf 89' lang='lat' dir='ltr'>pc-</span> 
     </span>
    </p>
   </div>
   <div class='ocr_carea' id='block_1_3' title="bbox 30 4892 1862 5082">
    <p class='ocr_par' dir='ltr' id='par_1_4' title="bbox 30 4892 1862 5082">
     <span class='ocr_line' id='line_1_38' title="bbox 30 4892 1862 5000; baseline 0.001 -33"><span class='ocrx_word' id='word_1_380' title='bbox 30 4909 131 4970; x_wconf 86' lang='lat' dir='ltr'>ctorc</span> <span class='ocrx_word' id='word_1_381' title='bbox 155 4908 324 4990; x_wconf 79' lang='lat' dir='ltr'>gereret,</span> <span class='ocrx_word' id='word_1_382' title='bbox 362 4908 534 4990; x_wconf 89' lang='lat' dir='ltr'>promtus</span> <span class='ocrx_word' id='word_1_383' title='bbox 552 4899 594 4984; x_wconf 82' lang='lat' dir='ltr'>ct</span> <span class='ocrx_word' id='word_1_384' title='bbox 617 4907 774 4990; x_wconf 88' lang='lat' dir='ltr'>paratus</span> <span class='ocrx_word' id='word_1_385' title='bbox 799 4908 887 5000; x_wconf 78' lang='lat' dir='ltr'>erat.</span> <span class='ocrx_word' id='word_1_386' title='bbox 907 4894 958 4970; x_wconf 86' lang='lat' dir='ltr'>ad</span> <span class='ocrx_word' id='word_1_387' title='bbox 982 4895 1103 4970; x_wconf 89' lang='lat' dir='ltr'>multa</span> <span class='ocrx_word' id='word_1_388' title='bbox 1121 4905 1169 4966; x_wconf 74' lang='lat' dir='ltr'>‘ot</span> <span class='ocrx_word' id='word_1_389' title='bbox 1190 4915 1329 4988; x_wconf 80' lang='lat' dir='ltr'>magna</span> <span class='ocrx_word' id='word_1_390' title='bbox 1353 4896 1605 4992; x_wconf 81' lang='lat' dir='ltr'>stracipionda.</span> <span class='ocrx_word' id='word_1_391' title='bbox 1672 4892 1862 4988; x_wconf 68' lang='lat' dir='ltr'>laborum</span> 
     </span>
     <span class='ocr_line' id='line_1_39' title="bbox 661 5011 1440 5082; baseline 0 0"><span class='ocrx_word' id='word_1_392' title='bbox 661 5011 664 5018; x_wconf 71' lang='grc'>“</span> <span class='ocrx_word' id='word_1_393' title='bbox 1408 5011 1440 5082; x_wconf 86' lang='lat' dir='ltr'>F</span> 
     </span>
    </p>
   </div>
   <div class='ocr_carea' id='block_1_4' title="bbox 0 0 2288 6068">
    <p class='ocr_par' dir='ltr' id='par_1_5' title="bbox 0 0 2288 6068">
     <span class='ocr_line' id='line_1_40' title="bbox 0 0 2288 6068; baseline 0 0"><span class='ocrx_word' id='word_1_394' title='bbox 0 0 2288 6068; x_wconf 95' lang='lat' dir='ltr'> </span> 
     </span>
    </p>
   </div>
  </div>
 </body>
</html>
