4568 6076
749 509 1155 588 *ib-.-

22 735 201 806 bsrannu
229 723 570 824 Aegyptium,
606 721 699 824 quid
727 721 896 826 denique
926 723 977 802 ‹le
1009 723 1210 804 vocabulis
1238 725 1304 804 vel
1328 725 1526 804 literarum
1546 723 1676 804 'variis
1706 723 1869 824 comple-

22 847 231 940 nionibm·;
266 840 583 946 quibusquilus
607 841 780 944 pertibtu
808 845 875 923 vol
896 845 1096 945 pirticulis
1124 845 1204 920 ism
1231 857 1403 942 systema
1415 845 1681 944 Spubnianum
1708 855 1869 935 cunstat,

22 969 113 1043 siue
135 977 297 1057 remim,
320 965 407 1038 siue
427 961 578 1040 ialsum.
626 961 781 1040 Iurabit
795 975 886 1040 ants
904 965 1037 1042 onmia
1054 965 1187 1064 pavus
1201 961 1354 1060 dicere,
1379 985 1455 1064 qus
1470 964 1539 1042 via
1558 977 1599 1040 et
1614 965 1765 1042 mtione
1779 961 1869 1046 boae

22 1097 86 1164 lus
106 1083 302 1184 Spobnius
327 1083 371 1160 iu
392 1077 535 1158 smilis
558 1080 640 1158 suis
662 1080 909 1182 Aegyptiacis
927 1083 1169 1184 precesserit

290 1365 324 1466 b.
355 1369 393 1441 2
460 1365 533 1443 De
566 1363 768 1442 ratione
802 1365 1141 1469 quaestionum
1173 1363 1603 1470 Aegyptiacorum.

96 1555 324 1654 'Spohnias
352 1553 488 1630 beust
517 1551 725 1630 exordium
756 1553 849 1632 iecit
879 1553 929 1632 ab
959 1556 1210 1656 inscriptions
1243 1557 1454 1634 mmmm
1482 1555 1685 1634 demotite-
1742 1535 1869 1641 Quum

22 1674 284 1774 camparando
309 1673 383 1750 boc
403 1673 516 1749 titulo
538 1695 624 1748 cum
646 1674 828 1752 versione
850 1697 921 1752 sus
940 1674 1088 1752 Graeca
1106 1687 1330 1776 appareret,
1361 1687 1514 1754 textum
1532 1673 1767 1750 ueneficum
1780 1668 1867 1742 toti-

22 1792 113 1870 uem
137 1793 222 1870 iere
243 1789 420 1870 versibus
439 1803 616 1872 constare
634 1803 751 1892 utque
775 1792 983 1887 arcemn,
1011 1795 1141 1870 statim
1161 1794 1229 1869 ille
1251 1794 1468 1888 intellexit,
1500 1790 1713 1890 Aegyptius
1734 1785 1867 1864 deme-

22 1916 97 1988 tice
128 1933 208 1988 non
235 1908 396 2006 singulis
416 1910 554 2006 signis,
586 1908 659 1986 ssd
679 1911 852 2010 pluribus
873 1913 976 1988 inter
1003 1934 1046 1988 se
1065 1913 1343 2009 coniungendis
1372 1911 1576 2004 voeabula,
1604 1907 1671 1986 vel
1689 1905 1866 1982 bubones

22 2053 114 2106 suas
141 2031 386 2127 ugniteerse.
436 2027 543 2120 Quae
567 2027 766 2121 literarum
792 2032 971 2127 syzygia,
1000 2053 1115 2129 quum
1140 2031 1244 2108 inter
1269 2054 1312 2108 se
1335 2042 1593 2131 compararet,
1626 2049 1729 2103 mox.
1743 2021 1866 2101 valuit

22 2151 126 2224 inter
149 2169 192 2223 se
214 2145 444 2230 discernere.
494 2145 665 2222 Plurima
682 2149 788 2224 enim
800 2147 913 2225 buius
927 2149 1192 2248 inscriptionis
1205 2151 1392 2227 vocabula
1405 2152 1492 2249 plus
1512 2147 1634 2224 semel
1652 2153 1864 2230 occurrunt,

22 2269 102 2344 alia
120 2265 444 2366 frequentissime.
491 2262 839 2364 Hapaxlegomeua
867 2269 1010 2365 partim
1030 2291 1085 2346 ex
1108 2267 1270 2346 alierum
1292 2269 1567 2348 vocabulorum
1595 2264 1755 2354 linibus,
1780 2280 1866 2358 par-

22 2387 94 2462 tim
118 2408 173 2460 ex
194 2383 291 2460 loeis
309 2385 412 2459 inter
433 2381 511 2459 uuo
532 2382 719 2462 voeabula
737 2387 871 2462 vacuis
890 2385 1090 2482 literisque
1115 2386 1293 2464 finalibus
1322 2385 1656 2484 cognoscebantur.
1711 2381 1793 2454 lam
1817 2399 1863 2448 eo

22 2515 272 2604 peruenerat,
298 2513 342 2577 vt
359 2503 401 2578 iu
420 2501 602 2600 exemplo
622 2523 693 2577 suo
712 2503 950 2603 Aegyptiace
969 2502 1159 2580 vocabula
1178 2505 1328 2602 singulo
1351 2505 1465 2580 lineis
1487 2503 1615 2579 rubris
1644 2500 1862 2592 disiungere

22 2637 181 2720 posset*
214 2621 298 2713 Quo
321 2619 422 2694 iacto
446 2620 608 2694 aiterum
623 2623 815 2718 negotium
835 2619 1078 2698 subeundum
1096 2636 1190 2698 erat,
1240 2623 1503 2717 Quaerebemr
1525 2623 1652 2713 onim,
1678 2613 1771 2716 quid
1789 2616 1865 2688 sin·

22 2739 102 2837 guli
129 2739 326 2814 literarum
349 2737 579 2836 complexus
602 2741 878 2835 significarent,
909 2739 1123 2839 quibusque
1151 2765 1238 2818 cum
1259 2741 1388 2820 verbis
1415 2741 1573 2816 Graecis
1600 2735 1862 2814 conuenirent.

22 2857 145 2950 Quam
168 2856 218 2931 ub
238 2877 321 2932 rem
339 2854 461 2947 vidit,
482 2855 618 2955 quibus
641 2858 685 2932 in
710 2858 805 2934 loeis
829 2857 1030 2934 demoticis
1051 2860 1267 2959 inciperent
1288 2860 1428 2956 singuli
1444 2881 1581 2937 versus
1601 2852 1863 2932 translationis

22 2976 193 3052 Graecae
213 2988 254 3050 et
279 2976 365 3053 vioe
387 2996 501 3048 versa
522 2975 691 3068 circitm,
716 2976 773 3050 ita
796 2989 842 3054 vt
860 2976 1130 3074 inscriptiones
1142 2977 1401 3076 Aegyptiacae
1428 2977 1589 3052 totidem
1610 2985 1741 3073 partes
1761 2973 1862 3044 inter

22 3116 63 3170 se
89 3093 271 3192 aequales
293 3093 456 3186 iaceret,
482 3106 575 3190 quot
599 3093 746 3168 Graeca
764 3095 879 3170 lineis
911 3106 1070 3169 cunstat.
1128 3093 1232 3172 Hinc
1257 3095 1499 3187 obseruauit,
1525 3091 1663 3192 quibus
1682 3091 1724 3164 in
1747 3087 1861 3161 lineis

22 3224 61 3287 et
81 3209 329 3309 Aegyptiaus
350 3221 410 3302 et,
441 3230 540 3309 quae
565 3231 698 3286 aarum
728 3213 948 3290 versionem
976 3212 1179 3308 baberent,
1211 3214 1369 3292 Graecis
1390 3212 1528 3288 endem
1549 3209 1691 3301 verbs,
1716 3207 1862 3282 seilicet

22 3329 159 3416 eadem
183 3331 342 3426 syzygia
365 3327 579 3426 eademque
601 3329 787 3408 vocabula
811 3331 963 3406 Graeca
982 3345 1233 3410 recurrerent.
1290 3333 1397 3425 Quae
1417 3329 1607 3411 vocabula
1624 3326 1863 3424 Aegyptiace

22 3447 61 3526 st
82 3447 231 3524 Graeca
249 3449 476 3546 lueisginter
493 3469 546 3522 re,
560 3450 828 3541 conuenirent,
862 3448 1000 3526 sedern
1027 3452 1240 3547 significatu
1259 3473 1411 3551 quoque
1436 3472 1644 3547 congruere
1666 3443 1860 3520 conclusit.

22 3568 105 3660 ste,
132 3589 249 3666 quum
267 3567 439 3658 videret,
466 3588 602 3644 vocem
623 3571 849 3661 πτολεμαιου
877 3581 1011 3668 quater
1045 3567 1175 3646 decim
1206 3569 1348 3666 legiin
1368 3582 1481 3648 textu
1505 3571 1653 3644 Graeco
1675 3577 1789 3661 atque
1820 3563 1865 3632 in-

22 3697 133 3768 tsxtu
147 3685 338 3762 demutieo
356 3687 558 3782 syzygium
571 3682 764 3784 quodiam
779 3687 894 3762 toties
912 3689 1007 3762 item
1021 3687 1192 3788 locisque
1206 3686 1592 3787 correspondentibus
1607 3678 1863 3783 deprehendi;

22 3804 113 3880 intle
136 3803 342 3916 iudicauit,
366 3801 464 3878 illud
479 3806 680 3901 syzygiam
701 3806 913 3902 significare
934 3827 1077 3882 numen
1093 3806 1315 3882 Ptolemaei.
1365 3806 1489 3898 Quum
1514 3803 1620 3880 idem
1641 3802 1863 3878 obseruaret

22 3921 74 4040 ie
92 3923 253 4022 reliquis
273 3920 470 4000 vocabulis
492 3943 684 4022 quumque
710 3923 899 4002 voeabula
919 3923 1068 4000 iuncea
1098 3923 1379 4000 enunciationis
1414 3925 1596 4022 cuiusque
1626 3918 1862 3995 enunciatio-

22 4041 132 4118 ὢν
148 4041 401 4146 'Aemtiacis
424 4037 682 4133 &rumberch
715 4065 791 4141 quo
810 4040 949 4117 ordine
979 4042 1102 4121 verba
1121 4045 1164 4119 in
1192 4042 1333 4139 linguis
1355 4040 1605 4118 orientalibus
1633 4037 1862 4137 praesertim

22 4159 198 4260 Coptica,
230 4159 377 4236 seilicet
398 4158 564 4274 naturali
594 4179 681 4236 sese
703 4160 869 4236 inuicem
899 4162 1119 4260 excipiunt3
1151 4163 1230 4262 iarn
1258 4184 1306 4235 eo
1328 4172 1576 4262 peruenerat,
1607 4170 1652 4236 vt
1679 4156 1730 4231 de
1754 4169 1862 4255 pote·

22 4285 119 4353 state
136 4291 177 4353 et
192 4277 467 4374 significatione
481 4278 653 4354 omnium
668 4279 750 4354 iere
766 4279 1011 4376 syzygiorurn
1028 4283 1348 4378 Aegyptiacorum
1364 4293 1490 4356 certus
1509 4288 1623 4356 esset
1673 4275 1862 4350 Absolute

22 4395 89 4471 boc
109 4394 375 4489 vocabulario,
395 4395 525 4472 denuc
540 4396 814 4495 qussrsbstur,
840 4396 977 4494 quibus
995 4395 1044 4472 de
1062 4401 1205 4490 causis,
1234 4421 1378 4498 quasue
1402 4395 1453 4474 ad
1468 4399 1572 4493 leges
1593 4397 1689 4471 certi
1705 4394 1861 4494 quidam

22 4515 212 4612 signorum
234 4512 510 4602 demotieorum
534 4516 761 4614 complexus
780 4514 823 4592 id
848 4517 1061 4611 significare
1082 4530 1260 4616 possent,
1291 4513 1396 4616 quod
1417 4513 1627 4592 secundum
1644 4514 1860 4589 translatio-

22 4653 109 4708 nem
132 4631 320 4708 Graecam
338 4633 552 4729 significare
579 4632 777 4712 deberent.
827 4633 909 4708 lam
929 4657 954 4710 a
974 4635 1241 4728 vocabulario,
1275 4635 1377 4736 quod
1400 4637 1524 4710 instar
1546 4637 1778 4712 lexicorum
1803 4631 1860 4706 Si-

22 4751 196 4826 nensium
222 4751 481 4844 instruxerat,
508 4751 695 4830 vanitati
723 4752 1056 4828 ammutium(
1094 4753 1378 4848 Quaerebatur,
1412 4753 1506 4854 quisi
1535 4754 1685 4850 singula
1709 4750 1860 4846 syzygii

22 4865 217 4944 miusdam
243 4871 353 4965 signa
374 4871 546 4948 iacerent
571 4870 622 4949 eti
646 4873 730 4948 eius
752 4872 951 4948 notionem
976 4872 1040 4950 vel
1063 4894 1238 4965 sensum,
1263 4887 1310 4950 et
1334 4895 1499 4972 quanm
1521 4871 1661 4968 lingua.
1711 4869 1860 4966 Cogita·

22 4987 73 5064 rit
95 4985 148 5064 ds
170 4985 331 5088 Coptica
350 5011 430 5066 non
454 4990 597 5090 inepte.
647 4988 772 5084 Quum
797 4991 902 5066 enim
925 4991 1056 5090 lingua
1076 4989 1236 5092 Coptica
1255 4993 1393 5096 primis
1413 4989 1707 5093 posthristgun
1728 5008 1858 5066 saecu-

508 5129 525 5166 1
