4568 6076
363 725 452 780 esse
473 715 588 808 ιιιιιι
613 699 975 799 amandapolim
998 685 1149 776 ιιιιιιιιι
1174 705 1225 773 ιι
1230 684 1465 774 calamorum
1480 681 1693 776 bonitatem
1710 687 1973 801 ιιιιιιιιιιιιιι,
2002 687 2118 802 quarn
2145 703 2215 780 ln···

365 822 480 918 genie
501 837 706 909 exercere,
736 817 950 892 ιιιιιιιιιιιιιι
972 833 1110 912 sugere
1132 827 1246 914 atque
1265 817 1504 892 intellectum
1524 823 1676 890 acuere
1734 813 1840 892 Nlllil
1856 819 2026 894 horum·
2013 841 2055 892 ιιι
2071 819 2203 895 Seou-

367 955 470 1013 ruvu
492 937 643 1012 cecidit
700 931 945 1007 Ειιιιιιιιιιιιι
968 955 1111 1032 nuper,
1136 935 1203 1032 qui
1221 927 1520 1008 Academiam
1541 919 1792 1029 dignitatem
1790 946 1838 1006 et
1864 935 2023 1024 ιιιιιιιι,
2056 935 2091 1008 ιι
2114 957 2204 1034 pos-

366 1065 475 1142 sent,
494 1053 645 1152 publice
666 1047 990 1124 calumniarentur
1006 1071 1135 1147 eoque
1153 1031 1335 1124 audaciae
1357 1047 1628 1148 procederent,
1650 1059 1697 1126 vt
1714 1046 1947 1124 contendere
1958 1071 2037 1124 uon
2051 1049 2202 1126 dubita-

369 1181 475 1258 rent,
502 1179 674 1243 nosnom
699 1175 865 1240 aetatem
889 1177 1048 1266 propter
1066 1161 1253 1241 librorum
1275 1169 1426 1264 copiam
1447 1163 1667 1241 Academiis
1687 1147 1938 1264 supersedere
1957 1187 2086 1263 posse.
2147 1167 2200 1244 Hi

368 1284 540 1384 prolecto
566 1285 608 1355 in
629 1280 852 1357 academiis
875 1293 1041 1358 autnon
1064 1284 1212 1359 versati
1235 1281 1378 1374 inisse,
1400 1281 1634 1357 autlusisse.
1651 1282 1903 1378 velccrpcris
1927 1285 2120 1358 exercitio
2145 1287 2201 1358 ni·

371 1403 490 1477 mium
514 1397 606 1496 quid
629 1395 809 1472 tribuisse
832 1397 996 1498 putandi
1020 1397 1214 1502 videntur.
1246 1397 1477 1474 'Seounlvs
1502 1396 1648 1496 duplex
1671 1396 1769 1490 illud
1794 1398 1968 1506 magistri
1993 1419 2134 1474 munus
2158 1413 2196 1474 et

371 1515 538 1590 officiunt
568 1525 770 1588 essecutus·
792 1523 871 1604 est,
908 1515 964 1590 its
993 1527 1039 1590 vt
1065 1513 1262 1588 literarum
1293 1513 1422 1588 studia
1446 1523 1692 1613 promoueret
1719 1525 1833 1610 atque
1859 1513 1998 1587 eruditi
2030 1513 2197 1596 hominis

368 1635 501 1711 viuum
519 1643 608 1706 aute
623 1630 751 1704 oculos
767 1643 928 1728 poneret
942 1631 1154 1726 exemplar,
1183 1631 1329 1728 reliqna
1345 1629 1641 1704 Academiarum
1657 1629 1859 1702 commoda
1881 1651 1959 1702 non
1978 1630 2197 1730 impediret.

369 1749 532 1825 Nonnisi
546 1765 593 1820 ea
615 1748 657 1820 in
671 1745 810 1819 scholis
824 1745 1020 1836 tradebat,
1047 1769 1146 1843 qnae
1160 1748 1244 1844 ipse
1266 1757 1381 1820 antea
1396 1751 1616 1837 ιιιιιιιιιιι
1647 1766 1768 1842 neque
1783 1745 1943 1822 verbnm
1961 1745 2198 1830 auditoribus

371 1866 499 1938 dicere
522 1859 707 1952 audebat,
739 1863 959 1959 priusquam
975 1864 1018 1936 in
1040 1862 1237 1938 volumine
1255 1865 1385 1937 omnia
1405 1861 1680 1998 disposuisset,
1708 1883 1806 1958 quae
1831 1858 1999 1935 dicturus
2023 1876 2110 1938 erat
2133 1889 2199 1964 per

369 1992 564 2056 semestre.
601 1977 735 2075 ltaque
753 1999 832 2051 non
845 2001 931 2052 cum
950 1977 1147 2075 discipulis
1166 1977 1338 2052 discebat
1352 1999 1474 2076 neque
1496 1999 1550 2052 ex
1569 1977 1619 2052 iis
1642 1987 1747 2066 erat,
1782 1997 1876 2073 quos
1902 1976 1968 2050 ille
1992 1975 2052 2053 his
2071 1981 2198 2056 verbis

369 2097 520 2196 pinxit:
543 2093 654 2184 Das,
675 2117 771 2168 scos
791 2095 858 2167 ιιι
879 2092 1351 2190 contegebantur
1371 2091 1541 2168 welles
1559 2093 1628 2166 sic
1651 2115 1849 2189 morgen
1866 2075 2011 2168 cados
2027 2094 2197 2172 [ιιι-ιιι.

367 2201 772 2290 nosemiata„
789 2199 866 2286 ἰιι
891 2210 1057 2284 Hcs-ro
1083 2208 1311 2308 deciscis·
1333 2209 1412 2284 cis
1438 2205 1609 2282 barser
1636 2206 1851 2282 aedano
1906 2175 2002 2286 Cum
2034 2211 2199 2311 discipli

369 2349 460 2402 uam
490 2347 598 2398 snam
629 2336 744 2398 autea
769 2329 1036 2426 perspexisset
1060 2329 1212 2424 penitius
1239 2338 1278 2399 et
1304 2325 1536 2422 subegisset,
1558 2337 1712 2425 poterat
1737 2323 1887 2420 singula
1909 2348 1931 2400 ι
1954 2337 2061 2416 toto,
2087 2351 2200 2404 exor-

369 2443 477 2517 dium
504 2443 621 2514 oliue
644 2441 850 2516 illustrare.
908 2442 1046 2532 Porro,
1081 2463 1155 2538 quo
1180 2445 1322 2517 rectius
1345 2443 1429 2543 ipse
1454 2443 1737 2532 institueretur,
1771 2462 1908 2516 verum
1940 2465 2021 2518 non
2044 2467 2100 2519 ex
2124 2469 2197 2524 vno

366 2557 518 2647 libello,
545 2556 614 2630 sed
638 2557 891 2634 exsomnibus
916 2572 983 2632 aut
1000 2557 1268 2648 nobilioribus,
1295 2559 1361 2656 qui
1384 2557 1435 2632 ed
1450 2556 1614 2631 eandem
1630 2557 1833 2632 materiem
1852 2565 2088 2654 spectarent,
2115 2587 2224 2658 con·-

366 2673 562 2772 qnirebat,
587 2673 732 2771 placita
753 2675 1019 2770 comparabat,
1050 2686 1274 2768 argumenta
1296 2673 1565 2771 expendebat,
1594 2695 1777 2770 suamque
1802 2677 2032 2750 sententiam
2058 2677 2201 2754 forma·

366 2794 436 2866 bat
456 2789 669 2863 rationibus
687 2791 887 2864 munitam.
934 2789 1046 2862 Hanc
1063 2789 1112 2863 eb
1134 2799 1301 2878 causam,
1329 2785 1542 2888 quicunque
1558 2811 1645 2863 eum
1660 2789 1959 2887 frequentarent,
1987 2815 2062 2865 nou
2075 2817 2198 2870 vuum

368 2904 613 3000 magistrum,
640 2902 710 2977 sed
731 2905 854 2981 veluti
877 2905 1016 2980 multos
1039 2893 1259 2978 audiebant
1317 2903 1442 3001 Atque
1463 2905 1526 2978 hic
1546 2916 1606 2980 est
1625 2905 1712 2979 linis
1734 2903 2051 2998 Academiarum,
2073 2923 2128 2987 ἰι
2144 2913 2200 2986 vi·

368 3024 404 3098 ri
427 3020 569 3115 ingenii
589 3018 738 3094 viribus
758 3021 966 3121 pollentes,
997 3021 1204 3115 enegotiis
1223 3019 1426 3096 vilioribus
1454 3021 1586 3109 vacui,
1612 3021 1655 3094 in
1678 3043 1748 3095 suo
1772 3022 1897 3118 quiuis
1919 3025 2118 3100 literarum
2142 3049 2202 3122 ge·

368 3147 461 3212 nere
486 3146 712 3230 regnantes,
743 3136 873 3212 adsint
905 3137 947 3211 in
968 3138 1144 3226 ciuitate,
1181 3138 1246 3235 qui
1266 3159 1403 3212 verum
1429 3135 1573 3233 vbique
1609 3135 1825 3236 dispersum
1866 3140 2063 3234 colligant,
2101 3143 2200 3218 salse

365 3254 577 3355 dissipent,
613 3252 849 3326 iuuentutem
880 3253 1029 3350 patriae
1064 3275 1172 3350 spem
1204 3252 1383 3326 erudiant
1426 3250 1713 3348 miserabilique
1742 3255 1982 3347 ignorantiae
2022 3259 2200 3357 eripiant,

368 3372 433 3466 qai
453 3389 604 3440 morum
625 3365 905 3443 humanitatem
935 3377 974 3438 et
996 3368 1195 3440 literarum
1218 3368 1348 3441 lumen
1369 3367 1494 3456 alant,
1524 3380 1706 3462 augeant,
1737 3366 1945 3464 diuulgent.
2004 3371 2120 3449 Nulla
2142 3365 2200 3450 est

369 3499 491 3568 terra,
519 3479 625 3555 nulla
647 3492 775 3568 oetas,
801 3503 915 3586 quam
942 3479 1138 3554 barbaries
1160 3480 1317 3556 sordide
1337 3493 1404 3556 aut
1424 3491 1576 3572 teneat,
1611 3493 1679 3558 aut
1700 3483 1899 3576 illabatur,
1937 3490 2031 3586 quin
2053 3491 2197 3566 Acade·

369 3602 461 3692 sniis
485 3608 551 3670 aut
572 3595 706 3686 nullis,
736 3609 803 3670 aut
831 3599 978 3670 aiusta
1002 3595 1187 3692 dignitate
1208 3596 1471 3672 deficientibus
1490 3611 1634 3675 vtetur.
1706 3598 1960 3700 Quaecunque
1992 3605 2199 3682 Sronnrvs

369 3699 605 3790 auditoribus
630 3711 782 3785 tradere
810 3713 947 3803 vellet,
975 3735 1022 3788 ea
1044 3713 1191 3788 duobus
1212 3713 1374 3790 vorbis
1361 3735 1403 3788 m
1427 3713 1556 3788 libello
1579 3699 1837 3810 significabat3
1865 3741 1941 3816 qua
1963 3719 2011 3796 dc
2033 3747 2078 3798 re
2095 3725 2199 3798 sebe

371 3831 442 3905 dae
472 3832 554 3902 eius
588 3830 762 3924 quamuis
788 3830 990 3902 materiam
1014 3829 1277 3924 exhaurirent,
1306 3830 1470 3930 formam
1486 3832 1754 3930 imperfectam
1767 3833 2043 3933 relinquebant
2071 3839 2198 3916 Pauca

369 3969 488 4043 eaque
511 3946 687 4040 grauiora
702 3942 922 4034 dictitabat,
950 3956 996 4021 vt
1018 3945 1195 4042 discipuli
1217 3939 1408 4020 summam
1426 3943 1613 4020 baberent
1634 3961 1764 4045 atque,
1794 3972 1879 4024 eum
1895 3953 2041 4029 tirones
2057 3961 2203 4052 oratic*

368 4081 456 4136 nem
478 4047 687 4154 longiorem
709 4081 787 4133 non
802 4062 975 4157 capiant,
998 4063 1137 4134 maiori
1155 4061 1241 4135 cum
1264 4062 1390 4137 fructu
1420 4062 1587 4155 abirent3
1622 4064 1813 4161 reliquae
1840 4071 2005 4164 vestigio
2031 4069 2200 4147 dicebat·

368 4181 412 4253 In
429 4177 489 4252 bis
505 4177 660 4249 liberius
676 4187 716 4249 et
731 4178 921 4271 copiosius
938 4179 1015 4250 alia
1030 4177 1272 4276 explicabat,
1295 4179 1374 4251 alia
1393 4175 1661 4271 condrmbat,
1687 4181 1765 4254 alia
1780 4183 1997 4280 applicabat
2010 4188 2053 4260 iu
2070 4165 2197 4264 vitam

369 4305 408 4367 ιι
430 4313 561 4380 usum,
589 4294 645 4366 ita
665 4301 710 4368 ιι
736 4291 913 4389 discipuli
931 4296 1091 4382 scirent,
1118 4315 1192 4390 quo
1216 4293 1300 4366 loco
1316 4295 1391 4370 sibi
1403 4295 1664 4394 incipiendum
1684 4309 1804 4387 esset,
1829 4321 1926 4396 quae
1944 4302 2196 4394 obseruanda,

367 4417 465 4507 quae
480 4407 735 4506 vitandaque
750 4409 818 4482 vio
832 4408 1116 4504 procedendum
1133 4412 1174 4482 in
1190 4411 1311 4486 variis
1328 4409 1540 4508 disciplinis
1557 4423 1597 4484 et
1610 4413 2085 4522 laboribuslsusciplendis.
2110 4421 2198 4497 Hoc

371 4525 526 4626 quidem
542 4527 700 4597 minime
717 4526 887 4616 omniurn
904 4524 1069 4600 inlibris
1091 4527 1134 4599 fit
1151 4527 1308 4623 fierique
1323 4538 1462 4624 potest
1491 4526 1710 4626 Aliquando
1726 4532 1790 4606 vir
1803 4532 2006 4628 perdoctus
2023 4550 2063 4610 et
2079 4539 2199 4613 valde

301 4629 302 4632 Ὺ
371 4642 547 4718 laudatus
573 4640 777 4734 Gymnesii
800 4641 960 4735 Rector,
990 4663 1075 4715 esum
1101 4641 1152 4719 de
1173 4641 1358 4718 sroamo
1381 4643 1557 4717 audisset
1574 4645 1840 4743 crederetque,
1866 4655 1917 4726 ιι
1932 4649 2111 4728 &emtor
2132 4658 2196 4744 ait,

364 4757 543 4856 quemuis
565 4757 694 4830 ιιιιιιιι
715 4756 913 4830 minorem
927 4779 998 4831 suo
1020 4759 1196 4872 nomino,
1225 4761 1267 4832 in
1291 4757 1528 4862 auditoribus
1550 4761 1634 4835 elus
1657 4759 1747 4850 luit,
1771 4775 1818 4838 vt
1833 4785 2021 4870 praesens
2043 4769 2196 4850 rcmvi

365 4873 492 4947 &deret
550 4871 625 4948 llic
649 4872 767 4946 linita
767 4873 902 4947 sobole
913 4855 1132 4950 διιιιιιιιιι
1153 4857 1350 4964 conuenit,
1363 4855 1591 4974 profitetur,
1599 4877 1719 4954 multa
1736 4899 1777 4953 se
1793 4885 2076 4982 exspectasse,
2086 4889 2197 4987 longe
