4576 6054
1036 494 1469 546 *XIV-¹·-

191 733 195 742 1
317 686 444 758 mediis
470 688 509 756 in
533 683 699 758 versibus
719 691 863 770 essent,
904 701 948 748 ea
972 679 1116 772 quidem
1150 679 1218 748 siui
1249 679 1287 748 in
1328 679 1614 770 versibus'essc3
1654 699 1747 774 quae
1764 691 1891 775 'supra
1922 673 2065 748 infraue
2089 676 2211 769 legs--

271 819 273 824 ’
317 831 466 911 rentur,
506 820 629 891 subter
661 828 800 892 textum
831 815 971 903 looaui,
1002 815 1054 883 ita
1078 824 1119 885 vt
1140 813 1309 906 ambigua
1340 815 1538 922 vocabula,
1572 816 1693 890 addito
1724 813 1813 918 Vel,
1851 812 1960 908 plene
1993 811 2212 894 scriberem·

319 969 427 1051 atque
452 958 805 1049 toties-repeterem,
830 917 979 1044 quoties
1008 949 1114 1019 litera
1139 949 1198 1021 vel
1222 949 1349 1021 literae
1375 952 1563 1046 ambiguae
1587 951 1829 1024 elocutionem
1860 950 2003 1022 variare
2031 956 2194 1045 possmt.

318 1093 507 1187 Plerisque
527 1073 563 1164 a
596 1088 760 1162 versibus
794 1097 831 1158 et
862 1086 1131 1156 commentariis
1162 1086 1311 1177 integris
1329 1087 1515 1172 ¹Sronrm
1541 1088 1669 1160 absum
1692 1088 1855 1176 numeri,
1894 1085 2027 1181 quibus
2055 1081 2197 1176 singula

318 1229 496 1301 vocabula
518 1228 613 1296 inter
637 1247 678 1294 se
700 1207 978 1314 distinguannrr3
1015 1243 1106 1315 quos
1139 1221 1306 1316 quidem,
1338 1246 1422 1292 curn
1454 1207 1653 1317 plurimum
1683 1247 1790 1320 posse
1823 1223 1871 1293 ad
1903 1220 2196 1316 perspicuitatem

318 1374 355 1432 et
386 1362 601 1432 breuitatem
638 1360 865 1446 viderentur,
903 1356 1036 1450 vbique
1074 1357 1252 1450 inscripsi.
1330 1355 1519 1428 Vocabula
1554 1357 1696 1429 Graeca
1735 1370 1771 1429 et
1805 1358 1977 1451 Coptica,
2005 1374 2198 1426 numeros·

204 1519 205 1522 ’
320 1507 427 1589 atque
449 1496 556 1566 huius
583 1493 722 1586 generis
747 1493 817 1562 alia
840 1492 955 1562 textui
980 1491 1171 1566 interiecta
1196 1493 1290 1562 notis
1317 1492 1459 1583 addixi,
1493 1495 1627 1566 additis¹
1651 1501 1760 1588 cop„
1777 1495 1939 1578 Graec,
1968 1490 2076 1581 Via,
2102 1491 2134 1560 1.
2162 1508 2196 1558 e.

319 1630 534 1724 Vbicunque
557 1630 596 1699 in
620 1626 874 1720 manuscriptis
900 1613 1073 1694 sionna
1108 1623 1278 1696 deficeret
1303 1625 1437 1720 aliquid
1464 1639 1527 1700 aut
1545 1623 1863 1724 vsuperuacanotun
1888 1611 2001 1716 esset,
2033 1623 2132 1719 quod
2154 1623 2196 1692 iu

320 1776 420 1835 textu
435 1763 660 1858 Aegypticco
687 1735 845 1833 exstaret
869 1769 932 1829 aut
957 1759 1233 1848 desideraretur,
1258 1762 1384 1831 notaui
1408 1763 1499 1834 illud
1524 1765 1667 1858 punctis
1702 1813 1711 1832 .
1732 1761 1867 1836 ...vel
1888 1783 1987 1852 τετε,
2010 1741 2093 1834 hoc*
2106 1759 2208 1831 ver?

323 1903 378 1971 bis
404 1903 636 1976 internatas.
688 1893 883 1990 Specimini
908 1893 1010 1964 XVI.
1041 1905 1078 1965 et
1095 1889 1282 1990 ‘plerisque
1307 1897 1346 1965 in
1371 1897 1459 1967 locis
1484 1900 1630 1992 specim.
1646 1896 1710 1970 VI.
1736 1899 1846 1986 etiarn
1871 1899 2061 1968 adiunctae
2089 1903 2196 1966 erant
2275 1919 2278 1928 ·

320 2036 570 2107 translationes
595 2031 832 2120 vernaculae,
861 2053 949 2123 quas
975 2031 1161 2124 aequitatis
1186 2031 1302 2122 gratia
1325 2032 1363 2100 in
1387 2031 1536 2104 Latinas
1560 2034 1710 2104 mutaui.
1779 2031 1851 2103 Ne·
1871 2030 2083 2126 ambiguitas
2115 2029 2197 2100 ori-

320 2186 441 2259 retur,
478 2193 547 2262 pro
580 2168 693 2237 literis
725 2163 931 2236 maiusculis
969 2166 1117 2236 exaraui
1158 2166 1379 2236 minusculas
1421 2179 1529 2263 atque
1565 2171 1668 2262 signa
1704 2167 1956 2256 dubitationis,
1989 2189 2103 2263 quae,
2134 2163 2197 2238 vbi

320 2307 432 2375 literis
456 2301 667 2390 insidebant,
692 2302 749 2370 his
768 2299 958 2395 postposui
982 2300 1019 2368 in
1044 2293 1173 2371 mediis
1197 2301 1403 2390 vocabulis,
1431 2305 1570 2374 uncinis
1594 2299 1642 2399 ()
1666 2277 1806 2374 inclusi:
1858 2300 2043 2373 Nonnulla
2067 2323 2197 2372 emen-

321 2441 418 2527 daui,
442 2439 494 2508 ita
516 2448 574 2526 vt,
600 2435 804 2528 vbicunque
828 2457 933 2505 meae
962 2457 1091 2504 manus
1116 2437 1305 2528 vestigium
1328 2447 1440 2526 esset,
1473 2438 1644 2510 adderem
1668 2433 1780 2540 [Sh.].
1831 2435 1932 2507 Nihil
1958 2437 2083 2526 omisi,
2107 2435 2199 2510 nihil

252 2663 255 2668 Ι
321 2572 507 2669 suppressi
538 2594 606 2642 neo
642 2570 838 2665 quidquam
872 2571 1008 2660 adieci,
1048 2571 1147 2665 quod
1176 2571 1222 2642 ad
1256 2565 1527 2664 ambiguitatem
1559 2573 1777 2663 tollendam,
1817 2583 1881 2642 aut
1902 2573 2199 2668 perspimritatem

322 2711 525 2803 augendam
551 2706 799 2776 necessariam¹
813 2729 896 2776 non
912 2705 1030 2776 visum
1057 2715 1164 2776 esset.
1220 2705 1277 2777 Iu
1310 2697 1596 2779 Sraclussnn
1620 2705 1651 2780 1.
1684 2707 1766 2779 Lin.
1792 2706 1839 2777 Il.
1863 2703 1926 2778 28.
1958 2708 2085 2803 scripsi
2110 2707 2201 2799 (qe),

287 2859 368 2926 me
394 2842 425 2913 ti
449 2843 668 2937 subsequens
695 2863 1005 2934 superuacaneum
1028 2852 1141 2931 esset3
1166 2839 1232 2911 IV.
1257 2851 1332 2913 not.
1359 2839 1421 2911 20.
1448 2841 1644 2934 significatui
1665 2843 1903 2935 enegleotum
1929 2843 1983 2912 sic
2007 2840 2076 2938 (a),
2099 2839 2145 2910 V.
2161 2837 2200 2912 8.

325 2995 380 3052 est
408 2976 545 3068 Plrthu,
573 2977 670 3072 quod
696 2976 782 3045 alias
808 2975 987 3063 exstabat,
1012 2999 1082 3069 pro
1109 2975 1204 3074 φθα
1229 2995 1343 3071 aeque
1368 2984 1475 3068 atque
1500 2975 1529 3043 Ι.
1556 2973 1629 3066 33,
1655 2976 1701 3045 II.
1728 2973 1777 3068 8.,
1801 2976 1847 3046 al.
1855 3001 1866 3068 3
1895 2975 1995 3048 VIII.
2021 2969 2081 3046 16.
2107 3001 2202 3046 con-

327 3119 422 3189 stitui
454 3116 490 3212 sj
513 3135 582 3207 pro
617 3113 663 3200 si,
697 3109 764 3206 lx.
791 3106 867 3186 16.,
887 3111 1061 3180 omissum
1096 3110 1314 3180 vocabulum
1348 3111 1503 3178 innuunt
1529 3135 1537 3180 :
1565 3136 1573 3180 :
1599 3135 1608 3181 ε
1636 3135 1664 3202 z,
1689 3113 1777 3182 item
1803 3109 1867 3181 VI.
1896 3108 1969 3202 16,
2000 3110 2105 3181 XIV.
2126 3109 2201 3196 21,

327 3249 411 3324 xv.
437 3249 510 3337 30,
543 3247 661 3316 xvn.
688 3243 766 3334 as,
786 3245 824 3314 x
862 3237 999 3333 1:16,
1031 3239 1367 3334 xxv1.25.ae.;
1398 3241 1447 3314 ·x.
1476 3217 1675 3340 respons
1699 3269 1724 3314 a
1755 3270 1825 3340 pro
1851 3247 1906 3333 Α,
1947 3246 2050 3316 xvr.
2083 3245 2143 3322 19.
2163 3274 2200 3342 ρ

230 3451 235 3460 ,
327 3409 396 3480 pro
423 3383 485 3469 Ρ.,
517 3379 653 3450 XVlll.
681 3377 740 3449 13.
769 3372 828 3448 14.
865 3400 978 3472 epra
1003 3378 1058 3467 Ε,
1082 3401 1121 3448 m
1144 3393 1213 3473 pro
1239 3376 1301 3468 M3
1333 3377 1435 3447 XIX.
1464 3374 1523 3448 16.
1548 3378 1582 3451 θ
1608 3404 1677 3473 pro
1708 3381 1756 3472 03
1781 3379 1902 3450 XXII.
1930 3378 1990 3450 17.
2016 3379 2037 3452 ὂ
2063 3406 2133 3477 pro
2160 3405 2203 3474 03

328 3521 379 3589 sic
413 3517 498 3584 alias
527 3515 659 3607 passim
692 3515 729 3581 in
747 3513 901 3606 *sp.‘1.;
937 3513 1056 3582 XVII.
1092 3505 1152 3582 14.
1185 3491 1348 3584 110114.
1381 3497 1495 3583 adieci
1530 3517 1584 3598 n,
1615 3495 1710 3586 hse.
1741 3517 1865 3606 radix,
1896 3515 2000 3586 XIX.
2035 3529 2111 3589 not.
2138 3517 2202 3591 23.

330 3647 425 3739 P'ro,
465 3649 548 3718 XX.
576 3659 649 3718 not.
671 3645 731 3716 27.
784 3649 952 3717 Fortasse
980 3673 1004 3716 α
1034 3649 1161 3742 Capu,
1186 3647 1361 3718 XXVIII.
1387 3659 1460 3718 not.
1488 3645 1549 3718 87.
1577 3649 1796 3746 templorum
1820 3675 1890 3745 pro
1917 3664 1944 3719 t.
2002 3651 2058 3722 ΙΝ
2089 3654 2203 3724 SPE-

309 3804 515 3857 ·c1u11u1c
542 3783 594 3851 ll.
636 3784 717 3851 Lin.
744 3780 771 3850 Ι.
798 3777 833 3853 5.
861 3784 986 3877 scripsi
1012 3795 1029 3851 t
1053 3777 1134 3879 (sic)
1167 3805 1237 3877 pro
1264 3794 1278 3853 t
1307 3807 1390 3852 curn
1423 3796 1559 3877 puncto
1593 3786 1660 3855 sub
1692 3787 1805 3880 pede,
1836 3783 1900 3854 llI.
1930 3783 2205 3886 1..1(portunte)

331 3932 482 4015 propter
525 3913 676 4011 sequens
708 3941 935 4016 κανηφορης
984 3915 1048 3985 III.
1084 3915 1143 3988 13.
1184 3919 1401 3988 vocabulum
1443 3913 1582 3990 nebrice
1616 3943 1637 3989 e
1670 3931 1772 4010 textu
1810 3921 1857 3991 ad
1888 3933 1995 3993 notas
2033 3924 2206 4018 relegaui,

335 4055 447 4150 quum
479 4055 515 4122 in
548 4071 691 4147 papyro
723 4063 801 4122 non*
828 4053 1008 4144 legeretur
1041 4063 1149 4146 atque
1174 4075 1277 4150 error
1302 4053 1480 4142 subesset,
1524 4051 1595 4120 XI.
1630 4049 1666 4121 2.
1700 4055 1816 4125 deleui
1853 4051 1950 4146 hoe,
1991 4058 2074 4152 quia
2107 4061 2153 4132 ue
2186 4087 2210 4134 s

338 4190 635 4260 secundamus
669 4189 713 4256 ad
749 4213 900 4282 sequens
925 4187 1077 4260 verbum
1102 4186 1313 4258 translatum
1341 4197 1437 4277 erat,
1486 4184 1569 4255 XII.
1603 4185 1639 4256 2.
1681 4189 1788 4283 (post
1820 4190 1857 4259 in
1889 4195 2019 4290 tergo)
2051 4203 2088 4263 et
2120 4195 2209 4266 alias

336 4325 465 4418 scripsi
490 4347 516 4416 p
546 4325 640 4408 (sic)
668 4348 737 4416 pro
762 4349 787 4416 p
815 4311 897 4392 cuni
921 4331 1056 4416 puncto
1084 4323 1131 4393 ad
1157 4321 1302 4392 calcem.
1368 4321 1425 4390 ΙΝ
1462 4321 1744 4394 Summum
1775 4323 1839 4394 III.
1865 4324 1948 4395 Lin.
1973 4326 2038 4398 Ill.
2067 4326 2104 4398 2.
2137 4333 2209 4401 ad-

339 4449 412 4529 didi
437 4455 500 4552 (l,
548 4457 630 4527 XII.
654 4455 688 4526 2.
722 4459 847 4550 scripsi
881 4454 960 4547 elmi
994 4483 1062 4550 pro
1094 4453 1160 4546 clm
1194 4451 1350 4546 iacet,
1401 4455 1466 4524 XI.
1493 4453 1527 4525 3.
1554 4481 1627 4529 non
1652 4461 1790 4530 restitui
1814 4456 1856 4550 la,
1887 4461 1985 4556 quod
2008 4459 2210 4560 Aegyptius

336 4595 466 4680 babet,
501 4617 522 4659 a
543 4593 722 4661 Sromuro
748 4592 923 4682 deletum,
974 4591 1092 4662 XVII.
1119 4591 1164 4662 2:
1190 4591 1309 4661 addidi
1337 4641 1376 4659 ..
1411 4601 1554 4684 puncta.
1608 4592 1660 4664 ΙΝ
1698 4595 1985 4666 8ΡΕοΙΜΙΝΕ
2012 4597 2083 4669 lv.
2124 4602 2211 4674 Lin.

340 4727 424 4799 XII.
458 4726 491 4797 1.
526 4727 639 4796 adieci
668 4726 775 4818 Via,
816 4727 863 4796 ib.
899 4725 934 4795 7.
971 4729 1076 4821 posui
1110 4726 1144 4799 θ
1175 4751 1245 4820 pro
1283 4728 1333 4817 &3
1383 4724 1521 4795 XVIII.
1556 4725 1615 4797 12.
1653 4721 1711 4798 14.
1745 4729 1813 4823 alq.
1846 4743 1902 4800 est
1933 4725 1955 4800 ei
1982 4758 2211 4826 praecum

335 4865 539 4956 'punctoin
564 4863 718 4950 vertice3
769 4861 796 4930 1.
824 4859 858 4933 3.
884 4861 986 4957 (post
1013 4862 1049 4930 in
1075 4865 1197 4959 tergo)
1226 4855 1395 4956 dedii),
1422 4875 1467 4932 'nc
1493 4884 1558 4932 uee
1585 4834 1824 4964 redundaret,
1860 4865 1943 4937 XV.
1968 4866 2000 4938 1.
2029 4893 2054 4938 u
2078 4896 2148 4966 pro
2167 4867 2212 4943 Α.

339 4995 396 5066 ln
430 4993 780 5072 SracrnrnrrV.
821 4993 930 5089 (post
964 4996 1008 5064 L.
1035 4993 1187 5092 XVlll.)
1221 4997 1342 5068 addidi
1374 5009 1414 5071 vt
1447 4997 1535 5070 alias
1567 4987 1604 5068 iu
1637 5003 1744 5097 'tergo
1780 5013 1889 5098 atque
1924 5002 2005 5076 Lin.
2031 5003 2086 5075 ΙΙ.
2152 5005 2211 5080 lsr
