4568 6076
1101 533 1200 554 --
1276 493 1504 570 26.-

560 715 597 773 utl
619 711 668 771 Vl.
689 711 739 768 tin.
1330 706 1440 784 primus
1462 701 1543 764 XIV.
1567 701 1643 765 mad.
1745 753 1748 764 ,

563 800 712 876 Aegyptus
735 792 804 853 XII.
826 797 889 854 init.
911 793 991 853 XIV.
1014 793 1089 852 mel.
1334 789 1518 850 Ptolemaeus
1538 787 1587 845 Vl.
1609 785 1688 846 mod.
1708 784 1777 844 XII.
1802 784 1883 847 XIV.

525 929 526 934 ,
566 883 624 939 alia
644 879 690 936 VI.
712 879 775 935 init.
1336 893 1391 932 rex
1415 871 1462 930 VI.
1483 871 1558 929 mccl.
1580 869 1642 929 VII.
1662 871 1711 928 fin.
1734 868 1815 930 XIV.
1837 870 1887 928 liu.

567 963 713 1022 beneficus
734 959 805 1020 XII.
826 960 876 1018 liu.
896 958 977 1020 XIV.
998 959 1048 1018 fin.
1336 959 1474 1016 sacellum
1499 953 1554 1013 XI.
1575 956 1638 1012 init.
1658 952 1729 1012 XII.
1753 954 1829 1012 mccl.
1852 952 1933 1012 XIV.
1956 954 2034 1013 meo.
2147 971 2152 1000 ι

565 1047 636 1104 deur
659 1044 729 1104 Xll.
750 1045 799 1102 fin.
820 1042 903 1103 XIV.
923 1045 972 1102 fin.
1337 1039 1512 1099 sacrificium
1532 1037 1588 1096 XI.
1613 1038 1663 1096 liu.
1685 1037 1770 1097 XIII.
1792 1038 1885 1098 neu..

567 1129 664 1187 dicere
685 1128 732 1186 VI.
752 1127 802 1186 fro.
1059 1153 1060 1156 ¹
1339 1122 1483 1184 secundus
1507 1121 1589 1181 XIV.
1608 1121 1683 1178 med.

569 1214 610 1268 dii
631 1211 679 1270 Vl.
702 1213 764 1269 init.
786 1209 844 1286 XI.
866 1211 941 1269 mccl.
1339 1208 1473 1286 signare,
1496 1207 1628 1285 signatur
1650 1203 1697 1264 VI.
1714 1205 1766 1264 sun.

569 1303 599 1352 ct
620 1294 667 1351 Vl.
693 1295 736 1354 uu
758 1292 838 1352 XIV.
860 1296 925 1353 luit.
946 1293 996 1352 fin.
1339 1292 1400 1349 sint
1423 1289 1471 1347 VI.
1489 1290 1540 1347 lin.

569 1379 629 1449 illi,
653 1380 719 1434 illae
742 1375 790 1434 Vl.
813 1377 863 1435 fin.
1339 1373 1506 1450 splendidus
1527 1368 1609 1431 XIV.
1630 1370 1681 1430 liu.
1703 1372 1741 1430 al.

566 1463 663 1539 inrogo
684 1459 736 1542 VI.
754 1462 819 1519 init.
840 1460 923 1519 XIV.
945 1459 995 1517 liu.
1341 1468 1482 1528 statuere,
1498 1464 1624 1514 statutus
1643 1453 1691 1514 VI.
1708 1455 1773 1513 init.
1789 1452 1872 1513 XIII.
1889 1451 1965 1520 mctl.
1980 1451 2063 1516 XIV.
2079 1452 2142 1512 init.
2158 1454 2216 1516 mel.

570 1545 713 1623 imagines
736 1542 783 1601 Vl.
804 1545 879 1602 mccl.
1133 1567 1142 1578 ·
1339 1543 1480 1615 templum
1503 1537 1579 1596 VIII.
1601 1537 1651 1597 lin.
1669 1536 1755 1600 XIII.
1777 1538 1852 1596 med.

572 1631 669 1686 omnia
692 1626 741 1685 VI.
762 1629 826 1685 init.
849 1626 911 1685 Vll.
930 1626 1006 1686 mccl.
1027 1623 1083 1684 XI.
1106 1624 1183 1686 med.
1342 1626 1450 1683 tertius
1470 1620 1550 1681 XIV.
1572 1621 1649 1680 mel.

570 1713 761 1791 panegyriziu
782 1709 845 1770 VII.
867 1711 933 1772 init.
1341 1719 1392 1781 vt,
1415 1703 1464 1768 iun
1485 1705 1535 1768 vl.
1555 1705 1609 1768 flu·

736 1949 741 1953 ’
853 1957 885 2058 ξ.
919 1965 954 2032 9.
1017 1959 1084 2034 De
1123 1957 1448 2044 Grammatico
1482 1954 1796 2054 Aegyptiace.

508 2127 639 2202 Tertia
665 2149 755 2224 pars
787 2128 1006 2222 systematis
1030 2124 1307 2223 hieroglyphici
1330 2124 1543 2223 Spohuiani
1570 2122 1621 2198 ad
1641 2123 1938 2196 Grammaticam
1967 2120 2221 2219 Aegyptiacae
2275 2145 2280 2188 ε

408 2245 587 2338 pertinet.
638 2247 914 2320 Grammatices
940 2245 1044 2318 enim
1067 2257 1145 2335 est,
1180 2256 1270 2318 ante
1296 2244 1426 2318 omnia
1447 2263 1673 2316 enumerare
1702 2253 1742 2316 et
1763 2243 2018 2339 pronunciare
2043 2242 2223 2327 elementa.
2276 2263 2280 2312 ι

409 2362 473 2436 vel
487 2363 637 2452 literas,
664 2385 869 2463 earumque
885 2375 1081 2455 naturam,
1105 2363 1379 2460 proprietates,
1402 2363 1640 2460 virtutesque
1655 2361 1862 2457 explicare.
1908 2358 2058 2432 Eodem
2073 2368 2248 2455 spectant,
2278 2367 2280 2428 t

411 2483 579 2569 numeri,
608 2492 801 2580 tamquam
830 2485 1021 2556 elementa
1040 2483 1269 2578 scriptorum
1290 2479 1636 2576 Aegyptiacorum,
1661 2490 1775 2576 atque
1793 2477 1961 2569 formae,
1993 2500 2091 2574 quae
2119 2475 2228 2548 dicuu-

411 2608 490 2685 tur,
516 2601 828 2692 grammaticales.
878 2601 939 2674 De
962 2600 1099 2698 quibus
1112 2598 1345 2694 argumentis
1360 2600 1439 2672 iarn
1454 2598 1563 2672 uobis
1581 2597 1769 2694 agendum
1786 2609 1846 2670 est
1871 2597 2064 2692 deinceps.
2116 2595 2239 2684 Gran·-

412 2715 553 2788 matica
581 2718 684 2790 enim
712 2717 968 2814 Aegyptiaca,
998 2717 1139 2813 quippe
1165 2718 1375 2811 tripartita,
1407 2737 1484 2789 non
1510 2716 1631 2790 solum
1658 2716 1894 2812 amplissima
1923 2726 2000 2806 est,
2036 2711 2107 2788 sed
2132 2714 2229 2784 etiam

413 2834 625 2906 innumeris
651 2834 733 2907 lere
757 2835 884 2908 modis
904 2831 1092 2929 impedita
1110 2854 1155 2905 ac
1175 2832 1373 2924 intricata,
1406 2855 1522 2932 quare
1548 2831 1698 2909 iuuabit
1717 2855 1851 2926 nosse,
1880 2833 1970 2933 quid
1986 2832 2176 2930 Spohnius
2192 2825 2230 2902 ad

416 2950 583 3044 singulas
606 2952 689 3025 eius
708 2967 839 3050 partes
862 2947 1131 3049 expediendas
1157 2950 1370 3024 contulerit.

921 3215 954 3316 ξ.
991 3221 1048 3292 10.
1108 3215 1469 3330 Deolplroleto
1506 3218 1750 3294 demotc'co.
1821 3199 1822 3202 Ἴ

518 3400 710 3498 Spohnius
732 3401 886 3493 beatus,
911 3414 955 3480 vt
973 3403 1162 3476 monitum
1187 3413 1264 3492 est,
1287 3401 1437 3476 circiter
1464 3405 1541 3475 800
1566 3406 1674 3500 signa
1698 3403 1888 3480 demotica
1911 3405 2157 3502 interpretari
2172 3416 2233 3478 stu·

418 3516 520 3607 (luit,
556 3520 614 3608 ita
639 3530 683 3594 vt
708 3523 838 3594 omnia
862 3543 994 3596 eorum
1025 3543 1069 3594 ac
1093 3519 1242 3616 singula
1272 3519 1325 3593 ad
1348 3521 1486 3614 sigim
1513 3523 1682 3620 quinque
1710 3545 1844 3615 sonos,
1877 3536 1921 3600 vt
1942 3515 2236 3609 veteresvolue-

419 3647 527 3726 runt,
547 3650 748 3710 reuocaret
774 3637 1010 3738 totidemque
1035 3639 1159 3713 literis
1189 3638 1320 3714 latinis
1345 3641 1566 3738 graecisque
1596 3642 1825 3737 significaret
1838 3634 1903 3735 ³⁵).
1954 3641 2079 3734 Quum
2100 3643 2246 3736 longum·

310 3827 312 3836 .
419 3752 537 3843 foret,
573 3757 682 3850 signa
704 3755 893 3832 demotica
919 3759 1071 3850 omnia,
1104 3777 1201 3854 quae
1224 3767 1355 3832 auctor
1369 3759 1642 3854 interpretatus
1670 3772 1747 3852 est,
1776 3782 2001 3836 enumerare
2024 3774 2087 3850 et,
2120 3758 2241 3858 quibus

420 3873 463 3944 in
491 3873 584 3946 locis
614 3876 874 3971 reperiantur,
906 3873 1189 3968 dqmonstrarm
1235 3873 1414 3968 sufficiat,
1449 3886 1672 3972 conspectus
1697 3882 1842 3972 gratia,
1879 3879 2049 3953 breuiter
2071 3878 2244 3967 indicare,

423 4001 514 4086 quot
535 3992 601 4063 illc
628 3995 737 4087 siqua
756 3993 820 4068 vel
848 3994 1045 4070 literarum
1066 3993 1344 4068 demoricarum'
1359 3995 1503 4070 lormas
1520 4017 1591 4092 pro
1610 4019 1689 4070 vno
1708 4018 1803 4071 sono
1821 3999 2024 4072 inuenerit.
2077 3996 2247 4072 Ceterum

422 4107 615 4204 Spohnius
639 4112 870 4205 paucissima
893 4115 1001 4206 sigua
1024 4116 1103 4189 iam
1127 4115 1340 4188 contulerat
1358 4115 1400 4188 iu
1419 4116 1703 4210 grammaticam
1728 4137 1855 4208 suam,
1888 4139 2003 4213 quum
2026 4115 2172 4188 morbis
2192 4136 2249 4211 op

321 4255 333 4274 =
386 4329 391 4338 .
423 4227 671 4322 primeretur;
691 4227 872 4326 pleraque
891 4233 1047 4330 reliquit
1067 4233 1109 4306 in
1130 4233 1414 4306 commentariis
1436 4233 1515 4306 suis
1543 4231 1692 4323 latinis,
1718 4233 1863 4306 scilicet
1883 4235 2046 4332 Specim.
2074 4235 2252 4308 I-Vlll

424 4356 464 4416 et
486 4343 686 4418 x-x1v.
708 4338 772 4439 36).
834 4349 950 4443 Signa
980 4349 1135 4447 quidem
1159 4349 1367 4444 (lemotica,
1396 4362 1476 4427 tum
1498 4353 1541 4428 in
1561 4351 1753 4450 lapIdum,
1789 4365 1869 4426 tum
1891 4355 1932 4425 in
1951 4375 2193 4450 papyrorum
2214 4355 2256 4427 ti-

425 4463 514 4536 tulis
540 4465 716 4563 inuenta,
741 4463 857 4540 habet
881 4466 993 4541 haec:

424 4603 843 4674 ---ὶ-’-

509 4763 563 4842 35)
594 4759 659 4828 Viti.
681 4781 767 4840 cupra
788 4771 813 4842 §.
836 4768 865 4824 3.
888 4786 937 4826 uo.
954 4769 984 4828 8.
1004 4787 1070 4827 cum
1091 4777 1161 4828 nota
1182 4772 1213 4829 9.
1253 4769 1310 4838 Qui
1331 4767 1418 4826 altius
1441 4769 1470 4826 in
1492 4767 1547 4827 hoc
1570 4770 1719 4827 literarum
1747 4787 1840 4848 genus
1872 4770 2020 4846 inquirere
2044 4775 2189 4848 cupiunt,
2220 4795 2263 4833 cor

427 4847 538 4904 iuuabit
559 4850 766 4905 commentaria
787 4849 956 4924 Spolrniana
977 4871 1043 4912 cum
1064 4853 1158 4911 titulis
1178 4853 1369 4932 Aegyptiacis
1389 4864 1524 4911 accurate
1545 4871 1720 4929 comparare.

509 4957 561 5030 36)
583 4953 648 5014 Vil.
671 4954 798 5014 Praelat.
820 4959 856 5016 al
879 4956 941 5016 Vol.
957 4957 979 5018 I.
1001 4977 1030 5036 p.
1046 4959 1088 5019 X.
1108 4977 1157 5020 uo.
1171 4958 1201 5026 2.
1217 4961 1247 5020 3.
1264 4964 1295 5021 I.
1312 4962 1362 5022 1³.
1383 4978 1449 5042 pag.
1466 4961 1522 5022 IX.
1544 4983 1591 5022 no.
1612 4965 1638 5020 l.
1709 5027 1714 5033 ,
