4576 6054
1063 709 1167 730 ··—
1249 691 1314 742 x11
1391 707 1502 732 ···-··’

328 881 406 953 'bae
432 883 522 952 adeo
551 880 673 952 omnia
698 879 908 949 disiecerunt
933 886 1041 969 atque
1067 895 1211 944 summa
1233 871 1317 944 imis
1343 875 1581 968 miscuerant,
1615 887 1656 951 vt
1680 876 1875 974 pleraeque
1906 855 2063 948 schedae
2088 898 2222 973 parum

336 1015 506 1089 inter-'se
541 1017 793 1102 cohaererent3
826 1011 924 1106 quod
953 1001 1052 1080 nulla
1086 1008 1124 1078 in
1160 1008 1285 1082 charta
1317 983 1478 1105 folioque
1501 1005 1734 1107 ‚Aegyptiaco
1767 1005 2010 1084 bibliothecae
2042 1023 2106 1084 aut
2136 1012 2222 1084 libri

230 1227 231 1230 ,
336 1151 510 1222 indicium
536 1161 675 1221 certum
701 1157 798 1237 erat,
826 1171 848 1217 e
874 1145 1001 1240 quibus
1027 1143 1198 1218 arcessita
1223 1153 1261 1214 et
1291 1144 1475 1238 descripta
1499 1141 1670 1238 fuissent,
1708 1147 1807 1242 quod
1835 1147 1936 1218 nullo
1963 1149 2001 1218 in
2036 1147 2222 1219 volumine

338 1285 518 1356 schedaue
544 1282 765 1378 explicante,
802 1305 909 1376 quem
933 1291 1073 1351 textum
1099 1289 1300 1372 spectaret,
1330 1289 1461 1372 sponte
1484 1280 1642 1373 patebat.
1701 1282 2221 1375 sronr1os,quem1²arca-

339 1444 423 1490 rum
463 1416 579 1487 officia
619 1419 712 1488 iusto
748 1417 851 1485 citius
885 1414 990 1485 nobis
1027 1413 1253 1502 inuiderunt,
1301 1436 1375 1483 non
1417 1415 1539 1482 omnia
1581 1415 1715 1485 chartis
1754 1418 1959 1505 mandauit,
1995 1443 2066 1511 qua
2100 1419 2146 1490 cle
2179 1441 2220 1489 re

338 1556 473 1647 scripta
502 1577 568 1623 sua
602 1554 649 1622 ad
685 1553 824 1621 obitum
856 1571 971 1644 usque
1004 1547 1145 1618 clauom
1178 1547 1453 1636 tantummodo,
1488 1573 1596 1643 quam
1623 1550 1813 1622 solertibus
1836 1552 2075 1645 reposuisset,
2113 1552 2221 1623 dicti-

222 1737 226 1744 ,
338 1701 431 1794 tasse
464 1690 618 1761 videtur.
696 1686 788 1757 Tria
819 1685 966 1780 quidem
997 1681 1189 1776 alphabeta
1225 1681 1362 1774 pinxit,
1406 1683 1469 1752 sed
1499 1683 1713 1777 imperfecta
1747 1687 1967 1778 minimeque
2001 1685 2221 1778 sufficientia,

341 1850 454 1921 quae,
503 1847 586 1892 cum
622 1821 772 1892 diuersis
813 1816 1042 1912 temporibus
1083 1829 1163 1888 orta
1207 1816 1299 1907 sint,
1339 1817 1477 1910 passim
1515 1811 1616 1888 inter
1653 1845 1692 1891 se
1728 1821 1933 1914 discrepant
1973 1831 2010 1890 et
2033 1832 2220 1916 pugnant.

339 1961 548 2030 Literarum
596 1955 875 2026 sacerdotalium
925 1951 1058 2044 figuras
1107 1952 1275 2045 nuspiam
1323 1952 1502 2044 exposuit.
1581 1953 1729 2025 Nullam
1773 1956 2047 2049 inscriptionem
2103 1955 2221 2049 expli-

341 2097 435 2184 cuit,
476 2093 563 2187 quin
596 2090 705 2161 dubia
737 2090 783 2160 de
820 2087 968 2158 consilio
1010 2086 1120 2156 dubia
1160 2086 1381 2179 relinqueret
1427 2097 1534 2179 atque
1575 2061 1613 2158 in
1651 2087 1783 2181 literis,
1821 2075 1941 2164 verbis
1979 2103 2017 2160 et
2054 2089 2220 2162 versibus

341 2229 489 2319 integris
550 2227 683 2319 quippe
744 2217 999 2294 difficilioribus
1060 2220 1255 2309 haereret,
1321 2221 1407 2314 quin
1473 2221 1606 2315 ubique
1674 2225 1894 2316 secundam,
1954 2237 2019 2295 aut
2075 2225 2221 2298 tertiam

343 2374 596 2459 quartamque,
644 2369 707 2428 aut
747 2358 911 2429 ultimam
951 2379 1101 2425 manum
1134 2357 1332 2426 admouere
1370 2355 1539 2446 deberet,
1591 2382 1659 2429 nec
1689 2384 1828 2454 paucae
1860 2383 1996 2455 eaeque
2027 2359 2220 2431 lacunosae

343 2508 503 2586 exstant,
528 2519 615 2589 quas
638 2495 789 2563 intactas
813 2491 908 2560 sinit.
974 2488 1070 2558 Hinc
1096 2513 1182 2581 ergo
1208 2471 1449 2588 intelligetur,
1490 2490 1655 2561 faciliora
1687 2504 1724 2563 et
1754 2517 1907 2567 numero
1939 2496 2114 2590 pauciora
2147 2517 2221 2566 esse

342 2630 525 2718 absoluta,
556 2628 662 2723 plura
693 2638 731 2698 et
768 2624 968 2696 difficiliora
998 2615 1196 2695 acrioribus
1222 2626 1348 2696 studiis
1374 2627 1508 2720 quippe
1533 2628 1624 2696 meis
1648 2629 1833 2699 restitisse.
1905 2629 2023 2724 Atque
2056 2632 2103 2700 de
2139 2629 2219 2700 XL.

342 2763 635 2858 inscriptionibus
659 2759 819 2832 XXXV.
845 2769 1076 2854 supererant,
1119 2782 1211 2852 quae
1243 2759 1281 2842 in
1310 2745 1495 2853 lapidibus
1520 2783 1664 2831 summa
1689 2780 1777 2832 cura
1805 2775 1841 2833 et
1873 2763 2057 2857 diligentia
2089 2765 2221 2858 corrigi

346 2912 454 2994 atque
480 2897 635 2992 expoliri
661 2897 844 2967 deberent
905 2893 1173 2964 Grammaticae
1200 2906 1238 2963 et
1258 2892 1437 2992 ,Glossarii
1461 2893 1697 2966 fundamenta
1720 2907 1861 2966 tantum
1887 2909 1995 2992 atque
2019 2901 2071 3000 de·
2090 2899 2221 2970 tabulis

346 3032 606 3130 explicantibus
632 3055 707 3102 non
733 3019 802 3100 nisi
827 3031 932 3102 unius
958 3040 1021 3098 aut
1045 3029 1199 3098 duarum
1221 3029 1363 3123 primae
1390 3001 1683 3101 adumbrationes
1709 3031 1869 3102 aderant.
1946 3033 2124 3124 Singulari
2148 3035 2220 3104 im·

344 3171 550 3267 pedimento
568 3165 716 3237 suertmt
731 3165 932 3257 scripturae
958 3161 1143 3249 sponsu,
1168 3162 1303 3233 scilicet
1328 3165 1467 3234 auctori
1492 3165 1639 3258 quidem
1663 3188 1816 3261 remque
1838 3167 1974 3252 tenenti
1994 3169 2220 3262 perspicuae,

336 3307 410 3377 'sed
450 3301 720 3372 abscurissimae
759 3322 802 3366 ao
840 3321 956 3390 paene
998 3293 1267 3388 inexplicabiles
1312 3297 1368 3383 ei,
1420 3296 1481 3389 qui
1521 3319 1639 3390 nouus
1683 3310 1721 3368 et
1761 3301 1860 3392 quasi
1899 3303 2141 3397 adscriptitius
2174 3303 2219 3374 ad

345 3425 570 3530 Aegyptiacis
594 3431 744 3504 tenerit.
797 3430 921 3518 Quum
947 3427 1043 3497 enim
1068 3428 1106 3495 in
1131 3428 1312 3520 plerisque
1337 3417 1450 3500 varia
1464 3431 1575 3499 tincta
1607 3429 1779 3522 admissa,
1828 3435 1945 3505 multa
1977 3438 2055 3506 sine
2093 3441 2218 3509 ordine

339 3575 469 3670 ‘posita
494 3579 601 3662 atque
627 3567 699 3637 alia
724 3553 801 3633 aliis
828 3563 946 3633 deleta
972 3572 1111 3652 essent,
1139 3563 1286 3652 accidit,
1317 3574 1357 3634 vt
1382 3564 1556 3632 sexcentis
1581 3565 1619 3632 in
1647 3564 1743 3635 locis
1763 3592 1871 3640 verae
1896 3569 2065 3642 lectiones
2099 3581 2136 3643 et
2160 3575 2218 3645 in-

347 3704 622 3802 terpretationes
653 3700 752 3771 baud
783 3685 890 3765 facile
923 3695 1102 3766 enucleari
1128 3709 1165 3767 et
1190 3699 1267 3767 erui
1293 3709 1454 3791 possent.
1529 3697 1613 3786 Qua
1637 3700 1675 3768 in
1701 3725 1742 3770 re
1769 3703 1816 3773 ad
1844 3705 2092 3799 inscriptiones
2124 3709 2219 3803 ipsas

348 3841 586 3937 Aegyptiacae
617 3857 728 3930 saepe
749 3833 934 3904 'clariores
965 3844 1003 3902 et
1036 3833 1209 3902 certiores
1241 3833 1333 3900 mihi
1366 3831 1645 3922 confugiendum
1682 3848 1772 3910 erat.
1846 3837 1931 3909 Non
1973 3842 2217 3932 dissimulabo,

342 3983 386 4049 'in
412 3955 651 4047 describendis
676 3967 815 4040 schedis
842 3967 996 4055 duabus,
1023 3957 1118 4061 quae
1138 3989 1235 4059 pone
1260 3962 1297 4074 6)
1324 3981 1360 4036 et
1386 3964 1448 4054 10)
1473 3980 1696 4040 memoratae
1721 3982 1826 4061 sunt,
1856 3996 1935 4065 me,
1974 3987 2014 4046 vt
2039 4001 2085 4046 ne
2111 3981 2218 4074 quid-

303 4097 317 4150 f
350 4137 459 4210 quam
486 4112 530 4181 dc
556 4109 727 4192 Sronrm
753 4101 891 4172 meritis
916 4103 1075 4194 periret,
1111 4102 1343 4195 quatriduum
1377 4103 1631 4172 consumsisse.

407 4249 409 4256 “
437 4249 445 4276 ”
501 4243 701 4336 Postquam
725 4237 896 4344 sponsu
921 4239 1054 4330 scripta
1076 4235 1242 4327 collecta,
1263 4239 1300 4305 in
1324 4237 1489 4336 ordinem
1508 4240 1676 4326 redacta,
1697 4238 1792 4312 inter
1816 4264 1857 4310 se
1875 4256 2101 4338 comparata,
2130 4271 2219 4342 per-

349 4383 464 4471 lecta,
489 4377 667 4470 descripta
697 4397 720 4442 a
743 4395 804 4458 me
830 4382 932 4440 erant
956 4382 1063 4465 atque
1090 4383 1156 4464 ego
1184 4395 1227 4441 ec
1254 4383 1515 4465 perueneram,
1548 4385 1589 4445 rt
1614 4375 1736 4444 omnia
1759 4375 1996 4469 intelligerem
2022 4407 2088 4450 nec
2114 4382 2218 4454 facile

348 4507 543 4615 ‘perperam
565 4509 698 4604 aliquid
727 4507 846 4578 facere
871 4530 1033 4599 possem3
1065 4507 1319 4600 quaerebatur,
1344 4519 1467 4580 rtrum
1489 4511 1578 4598 ista,
1612 4509 1730 4603 qualia
1756 4524 1889 4602 essent,
1921 4515 2007 4584 talia
2034 4518 2072 4587 in
2097 4517 2216 4590 lucem

350 4655 563 4737 ederentur,
605 4669 650 4714 an
683 4645 726 4712 iis
759 4654 944 4736 tamquam
979 4641 1212 4713 fundamento
1248 4644 1370 4715 vtilius
1412 4668 1502 4748 opus
1541 4647 1578 4714 e't
1614 4644 1686 4714 tale
1717 4646 1861 4738 quidem
1895 4659 2215 4745 super-strueretur,

351 4781 457 4884 quale
483 4792 611 4853 auctor
630 4777 845 4848 'immortalis
870 4778 990 4846 meriti
1011 4779 1097 4849 oriri
1122 4777 1248 4850 voluit.
1301 4777 1406 4868 Quae
1429 4802 1512 4849 eum
1537 4791 1764 4878 reputarem,
1794 4765 1860 4850 sua
1884 4795 2012 4875 sponte
2038 4791 2215 4881 apparuit,

349 4923 533 4995 nemin'e'm
557 4903 675 5008 neque¹
708 4937 830 5006 posse,
875 4937 990 5006 neque
1017 4913 1151 4983 debere
1175 4913 1289 4983 nudas
1322 4926 1359 4985 et
1382 4911 1583 4986 inconditas
1607 4917 1716 4985 edere
1742 4917 1916 4987 eiusmodi
1941 4919 2215 4996 lucubrationes.

351 5019 529 5146 Pleraque
555 5051 651 5122 enim
675 5049 725 5116 ita
747 5058 956 5141 comparata
983 5059 1084 5136 sunt,
1112 5059 1153 5119 vt
1176 5074 1199 5117 a
1223 5051 1365 5120 nemine
1391 5048 1653 5140 intelligantur,
1685 5051 1754 5120 nisi
1784 5052 1829 5121 ab
1856 5057 2007 5149 eo„q'ui
2031 5079 2111 5127 rem
2133 5061 2215 5131 vni-

347 5176 496 5267 'verbam
529 5184 711 5280 perspexit
743 5171 850 5276 atque
871 5151 919 5252 ⁸se
952 5193 1071 5254 totum
1110 5184 1221 5257 veluti
1253 5185 1449 5255 insinuauit
1489 5185 1532 5262 in,
1570 5183 1754 5255 sroann
1783 5189 1939 5279 cogitata
1982 5200 2020 5260 et
2057 5195 2275 5265 consilia..-
