4576 6054
782 519 891 544 ,-
963 505 1039 560 m
1109 525 1229 556 m

64 691 166 787 Quid
206 693 274 766 sibi
317 692 515 770 voluissent
544 703 859 789 monogrammata
898 683 1054 766 obscura
1094 694 1154 767 rel
1186 691 1470 770 obseruationes·
1496 671 1635 772 duobus
1665 699 1787 774 verbis
1821 721 1943 775 rnoue

61 831 369 926 comprehensae,
404 835 570 923 numeri,
604 830 740 920 lineae,
775 829 878 922 signa
913 830 1203 922 interrogationis
1237 842 1311 914 aut
1332 831 1622 932 exclamationis,
1660 835 1800 933 aliaque
1831 837 1941 908 huius

59 968 203 1061 generis
227 961 372 1038 multa?
424 943 583 1038 Cuinam
607 964 828 1037 satisfactum
853 964 1005 1056 fuisset,
1035 987 1119 1035 cum
1152 967 1347 1060 accepisset
1372 966 1623 1063 inscriptiones
1647 971 1725 1042 sine
1750 995 1939 1044 commen-
1973 971 1979 978 '

59 1104 182 1194 tariis,
208 1113 271 1175 aut
295 1102 577 1175 commentarios
601 1101 678 1174 aine
702 1093 1024 1196 inscriptionibus?
1074 1096 1158 1170 Alia
1181 1123 1331 1196 prorsus
1361 1101 1504 1172 inutilia
1535 1115 1637 1195 sunt,
1685 1130 1768 1178 eum
1800 1129 1868 1201 per
1900 1128 1944 1176 se

59 1247 280 1335 spectantur.
336 1237 493 1314 ⁴Parum
530 1259 618 1307 sane
649 1237 797 1308 iussisset
827 1237 953 1328 ingens
985 1246 1022 1320 et
1051 1235 1237 1324 immensa
1264 1234 1371 1330 copia
1402 1236 1569 1309 locorum
1595 1253 1851 1334 excerptorum
1877 1251 1940 1308 ant

61 1373 271 1462 citatorum,
308 1370 436 1466 quibus
460 1370 615 1442 multum
639 1369 730 1440 lueis
755 1378 793 1440 ct
816 1369 978 1442 utilitatis
1002 1369 1115 1458 inest,
1148 1355 1180 1438 si
1213 1380 1297 1466 apta
1332 1371 1570 1444 adhibeantur
1604 1386 1773 1470 recteque
1804 1374 1941 1445 intelli-

59 1520 203 1602 gantur.
280 1505 379 1594 Quid
411 1507 529 1576 dicam
563 1506 608 1576 de
640 1503 771 1574 tabulis
803 1503 1095 1596 lithographicis,
1139 1529 1232 1598 quae
1264 1507 1488 1580 incorrectae
1520 1531 1543 1576 a
1577 1511 1694 1602 capite
1724 1510 1771 1578 ad
1805 1509 1951 1578 calcem

60 1665 177 1737 taqua
208 1640 303 1714 vitiis
336 1649 374 1710 et
403 1637 589 1710 erroribus
621 1631 834 1708 scatebant?
884 1637 1056 1707 Ceterum
1081 1639 1374 1746 prospiciendum
1403 1652 1502 1731 erut,
1534 1654 1575 1713 vt
1606 1643 1798 1732 sponsu,
1838 1641 1938 1736 quod

61 1776 268 1864 inchoauit,
302 1785 578 1844 monumentum
600 1792 685 1843 nere
713 1768 905 1868 perennius
928 1771 1150 1862 exigeretur,
1191 1781 1298 1866 atqua
1332 1775 1492 1867 primum
1526 1770 1710 1869 specimen
1742 1774 1948 1882 explicatae,

59 1904 326 2002 Aegyptiorum
350 1909 568 2002 scripturae,
595 1929 667 2001 quo
693 1908 807 2000 magis
831 1930 877 1978 eo
904 1929 1031 1978 omnes
1057 1928 1140 1975 cum
1166 1901 1288 1976 fructu
1311 1881 1415 1977 inniti
1441 1923 1611 2003 possent,
1645 1933 1754 2006 quam
1770 1910 1939 1979 maxime
1992 2003 1994 2006 Ι

60 2043 266 2138 perfectum
292 2045 463 2114 existeret
486 2065 603 2136 neque
637 2051 695 2112 tot
726 2041 980 2135 inscriptiones
1011 2039 1126 2112 multu
1160 2063 1273 2133 opera
1306 2043 1553 2138 impensisque
1587 2056 1733 2116 coactae
1766 2045 1941 2138 perirent,

60 2179 129 2252 aad
158 2177 293 2272 publici
321 2177 414 2252 iuris
446 2175 584 2250 fierent.
660 2175 766 2264 Quae
799 2199 882 2248 cum
914 2177 968 2246 ita
987 2199 1037 2246 *se
1070 2173 1268 2263 haberent,
1307 2179 1533 2270 pergendum
1566 2179 1656 2248 mihi
1688 2188 1767 2248 erat
1798 2180 1837 2247 in
1867 2179 1938 2264 vin,

62 2295 609 2408 quamSeoflu1usin⁴gress1u
634 2320 697 2380 est.
746 2309 1013 2404 Inscriptionea,
1040 2321 1383 2404 quaeauperernnt,
1408 2313 1566 2382 nuncin
1591 2311 1940 2405 lapidibuscxstant

62 2468 204 2519 summa
232 2443 313 2516 lida
328 2444 490 2516 redditae
516 2455 623 2537 atque
649 2467 732 2514 cum
752 2443 853 2533 aliis,
886 2441 1027 2514 difficile
1051 2465 1163 2538 opus,
1197 2467 1220 2512 a
1243 2467 1304 2514 me
1328 2446 1545 2537 recognitae.
1619 2443 1952 2536 Interpretatioues-

62 2583 244 2654 Sronrtn,
259 2579 454 2650 retractaui
482 2555 524 2649 et
543 2579 687 2671 subegi,
714 2577 877 2676 neglecta
901 2579 1016 2648 adieci
1041 2589 1149 2671 atque
1180 2575 1320 2671 reliqua
1353 2575 1599 2674 Aegyptiaca,
1638 2577 1797 2672 impletis
1837 2576 1953 2645 lacu-

62 2695 159 2820 nis,
168 2713 342 2809 explicui,
369 2723 544 2807 quatenus
568 2712 698 2800 licuit„
724 2714 857 2784 omnia.
935 2711 1085 2784 Conseci
1120 2715 1381 2784 commentaria
1415 2725 1462 2796 et¹
1475 2713 1781 2801 introductiones,
1813 2712 1943 2806 paraui

61 2819 204 2930 tabulas
228 2847 470 2937 illustrantes,
497 2847 652 2940 expendi
677 2847 822 2939 linguae
847 2847 968 2922 debita
993 2844 1116 2918 officiis
1148 2847 1370 2940 scripturae,
1409 2847 1552 2921 absolui
1585 2847 1872 2918 Grammaticam
1906 2855 1955 2932 ct,

59 2980 300 3067 Glossarium
326 2990 433 3072 atque
459 2980 745 3050 dissertationem
772 2979 987 3073 primariam
1011 2977 1236 3052 adumbravi.

215 3213 491 3310 Nonineptum
515 3214 729 3304 videbatur,
751 3214 843 3285 haec
867 3216 993 3284 omnia
1017 3213 1122 3286 vuius
1155 3211 1348 3286 solmninis
1380 3237 1537 3310 corpore
1571 3215 1881 3313 comprehendere
1907 3231 1943 3288 et

55 3353 191 3442 odere,
226 3350 278 3419 ita
292 3415 297 3420 ,
312 3359 361 3424 rt
384 3317 557 3416 Seorsum
589 3348 723 3442 scripta
756 3347 902 3439 singulis
921 3349 966 3418 ¹in
991 3347 1083 3418 locis
1118 3349 1256 3420 amaia
1288 3349 1452 3420 dntincta
1476 3319 1795 3443 praemitterentur
1822 3363 1857 3422 et
1881 3352 1943 3422 in-

55 3451 275 3576 iicerenun,
302 3481 402 3580 quod
422 3481 635 3571 consilium,
658 3481 761 3551 initio
784 3504 807 3549 a
830 3504 892 3552 me
916 3491 1083 3575 captum,
1115 3505 1212 3554 nunc
1238 3485 1348 3554 satius
1381 3495 1535 3556 mutare.
1609 3484 1819 3558 Admodum
1846 3485 1942 3554 enim

57 3629 259 3696 creuersmt
281 3609 386 3687 meae
419 3616 572 3686 schedae
606 3639 674 3686 nec
706 3616 847 3708 longius
871 3616 1044 3686 Sronun
1078 3617 1227 3689 inuenta
1262 3619 1342 3690 iure
1376 3621 1525 3691 retineri
1564 3645 1670 3716 posse
1710 3621 1942 3690 iudicandum

54 3770 128 3832 eat.
202 3753 361 3825 Prodeat
385 3753 506 3845 itaque
533 3773 624 3845 opus
649 3751 890 3844 tripartitum,
917 3751 1018 3820 errius
1042 3750 1203 3846 primurn
1227 3751 1401 3824 volumen
1427 3752 1683 3848 amplectatur,
1710 3776 1942 3850 quaecunque

55 3897 269 3966 secamus
311 3886 505 3984 explanata
545 3885 710 3980 reliquit3
746 3886 945 3956 secundum
981 3885 1116 3956 habeat
1159 3883 1337 3980 perlectas
1355 3909 1356 3912 ’
1373 3887 1649 3982 inscriptionum
1688 3887 1943 3982 explicationes

57 4051 149 4100 cum
181 3989 448 4094 commentariis
483 4032 519 4090 ct
549 4021 874 4091 introductionibus
908 4031 1015 4113 atque
1046 4019 1178 4090 tabulis
1210 4020 1506 4115 lithographicis:
1548 4022 1655 4098 tertio
1696 4022 1825 4092 dentur
1865 4023 1943 4092 dis-

58 4162 233 4252 serratio,
272 4181 363 4254 quae
399 4156 538 4226 clauem
571 4157 718 4226 sacrarii
749 4152 963 4249 Aegyptiaci
995 4154 1131 4226 dudum
1162 4156 1361 4250 quaesitam
1393 4155 1491 4226 illam
1530 4157 1661 4246 tradet,
1695 4156 1944 4228 Grammatica

58 4324 110 4372 ac
144 4297 297 4391 denique
332 4289 573 4362 Glossarium.
651 4290 761 4382 Quod
797 4293 919 4385 itaque
952 4290 1198 4361 Prodromum
1231 4291 1327 4360 hunc
1367 4291 1514 4381 attinet,
1545 4314 1670 4394 omnes
1705 4291 1810 4363 offert
1835 4293 1944 4362 etiam

57 4434 222 4506 leuiores
263 4395 443 4498 Sentitur
475 4429 809 4522 interpretationes,
853 4428 1010 4518 exceptis
1053 4425 1355 4530 hieroglyphicis,
1396 4448 1488 4521 quae
1528 4427 1672 4521 quidem
1705 4403 1874 4518 singulari
1905 4427 1945 4496 in
1980 4421 1981 4424 '

60 4565 191 4642 tabula
216 4565 417 4658 descriptae
443 4563 490 4632 ad
514 4562 687 4634 volumen
714 4562 911 4632 secundum
938 4562 1119 4632 accedant.
1187 4560 1228 4630 In
1254 4561 1309 4630 his
1335 4562 1582 4655 proponendis
1609 4562 1659 4632 sic
1685 4562 1851 4655 equidem
1877 4560 1945 4652 egi.

60 4699 256 4775 Permulta
281 4710 365 4774 sunt
391 4698 507 4769 rerba
530 4695 763 4794 Aegyptiace,
787 4721 879 4791 quae
904 4697 1111 4790 duplicem,
1144 4695 1325 4788 triplicem
1356 4695 1415 4766 vel
1441 4695 1675 4791 multiplicem
1701 4719 1784 4764 cum
1814 4693 1945 4764 lectio-

63 4860 173 4926 nem,
198 4844 279 4903 tum
303 4835 639 4936 interpretationem
665 4833 894 4920 admiserint,
932 4855 1003 4927 qua
1026 4833 1064 4900 in
1089 4853 1152 4919 re,
1185 4831 1238 4903 vti
1264 4825 1437 4919 diximus,
1471 4830 1675 4900 Srouulus
1706 4830 1758 4899 ita
1782 4837 1946 4898 versatus

66 4983 139 5063 cst,
172 4981 215 5042 rt
248 4967 370 5054 literas
405 4968 589 5062 ambiguas
622 4966 784 5080 versibus
815 4969 1040 5062 imponeret,
1072 4987 1217 5066 sensum
1250 4965 1452 5036 variantem
1482 4962 1578 5034 inira
1609 4969 1777 5058 notaret„
1842 4960 1948 5050 Quas

1252 5100 1277 5168 b
1303 5093 1330 5166 2
