4568 6076
680 464 1179 533 .·--10.......

35 701 118 774 gers
146 675 268 772 Hoses
287 675 341 749 s'st
360 671 483 746 steine
511 671 619 766 Lege
654 667 742 744 ssbr
761 669 1060 769 problemets'seb
1080 661 1286 764 gessordea
1313 675 1394 746 aad
1414 697 1452 747 ss
1472 673 1638 750 sonante
1656 701 1765 776 ceys,
1801 682 1890 758 dass

39 793 108 866 sels
131 791 301 865 densock
319 789 405 863 dem
422 786 523 862 ms'cb
545 811 587 859 se
608 785 801 860 ebreadsss
822 784 1015 874 Auclessds
1035 785 1186 859 endls'cb
1207 787 1274 882 bey
1295 789 1435 862 diesem
1453 795 1762 889 eingegaageacss
1782 799 1889 896 Rasa

42 909 168 1004 Folge
189 909 319 982 latites·
340 912 511 978 massas
569 903 653 975 Hoc
675 905 778 976 enim
799 905 995 998 proprium
1020 915 1079 974 est
1101 901 1357 991 eruditorum,
1391 917 1435 979 vt
1459 907 1648 1002 duplicem
1679 924 1746 985 aut
1770 914 1886 990 aliam

44 1025 239 1122 quandam
266 1021 630 1119 patriamhabeant
656 1031 769 1116 atque
792 1019 1001 1124 vulgarem.
1060 1017 1309 1118 Eruditorum
1334 1022 1439 1092 enim
1466 1027 1632 1118 patriam
1657 1030 1794 1102 liniunt
1808 1053 1887 1106 nen

43 1145 235 1214 urentium
256 1139 419 1226 tractus,
449 1137 514 1212 vel
539 1136 715 1223 flumina,
744 1135 808 1211 val
830 1136 986 1206 termini
1012 1134 1158 1230 lapidei
1173 1136 1357 1228 ligneiue,
1394 1137 1463 1210 sed
1485 1149 1673 1211 terrarum
1689 1144 1792 1219 erbis
1822 1145 1889 1222 vel

45 1259 213 1330 marium
243 1255 389 1352 campi,
424 1251 563 1324 hiemis
576 1271 577 1280 ³
592 1251 757 1347 solisque
775 1252 973 1338 seueritas,
1000 1251 1062 1324 vel
1081 1249 1271 1323 barbariei
1287 1251 1560 1326 inhumanitas.
1619 1252 1744 1329 Huius
1760 1260 1889 1354 lingua
1934 1321 1937 1330 .

43 1384 108 1444 est
143 1395 265 1467 nequa
304 1369 452 1442 Gallica
481 1389 605 1463 neque
632 1367 768 1440 italica
791 1385 914 1462 neque
939 1364 1101 1458 Angliea
1128 1389 1248 1463 neque
1279 1369 1509 1442 Germanica
1525 1389 1664 1464 neque
1679 1371 1788 1460 alia,
1817 1379 1886 1452 sed

9 1529 11 1536 ·
44 1487 201 1576 Latina,
234 1507 348 1582 qnam
373 1483 564 1578 singulari
586 1493 791 1557 venustate
815 1492 854 1552 ct
885 1481 1062 1556 ubertate
1082 1483 1271 1576 insignem
1295 1506 1319 1554 a
1340 1485 1549 1558 maioribus
1571 1488 1808 1583 accepimus,
1836 1492 1888 1568 ad

39 1602 279 1698 loquendum
302 1598 594 1674 seribendumue
616 1599 815 1693 omnisque
837 1599 989 1689 generis
1012 1597 1260 1688 cogitationes
1289 1600 1558 1692 significandas
1579 1603 1820 1695 aptissimam
1839 1607 1884 1702 ·).

41 1717 172 1791 Huius
196 1720 298 1788 ciues
320 1726 407 1790 vtut
435 1716 557 1789 variis
586 1714 750 1805 negotiis
781 1712 953 1785 distracti
985 1713 1105 1787 vitam
1131 1726 1361 1786 consumunt
1391 1725 1470 1788 nen
1501 1728 1658 1812 quaestu
1695 1719 1885 1810 iaciendo,

42 1836 112 1908 vol
138 1828 644 1917 vtensilihusfabricandis,
673 1829 737 1910 vel
752 1829 852 1921 agris
877 1827 1065 1916 colendis,
1096 1828 1165 1901 scd
1179 1840 1284 1902 recto
1307 1852 1478 1927 veroque
1497 1833 1784 1928 inuestigande,
1809 1835 1885 1918 dis-

42 1948 239 2047 putando,
263 1945 486 2034 scribendo,
512 1933 686 2017 docende
701 1946 895 2040 variisque
912 1943 1057 2016 artibus
1074 1967 1190 2037 genus
1204 1945 1411 2019 humanum
1435 1947 1644 2022 erudiendo
1668 1963 1708 2022 et
1722 1949 1886 2043 beando,

46 2068 131 2140 siue
153 2065 195 2136 in
211 2063 316 2136 'hanc
337 2063 434 2135 coeli
454 2063 649 2154 regionem
671 2061 757 2135 siue
778 2061 820 2131 in
844 2060 961 2132 aliam
984 2059 1149 2134 abducti.
1207 2061 1362 2157 Lipsiae
1386 2063 1591 2137 Srorsnws
1609 2066 1755 2141 nullum
1776 2069 1885 2152 vide-

44 2181 135 2268 bat,
162 2201 237 2276 que
258 2178 526 2267 collocaretur,
556 2179 692 2248 lecum.
752 2175 963 2248 Academia
987 2175 1209 2249 abundabat
1230 2177 1422 2272 magistris
1439 2202 1561 2277 neque
1583 2181 1781 2274 cathedra,
1810 2205 1885 2281 qua

45 2297 228 2393 inprimis
247 2296 384 2389 dignus
409 2304 530 2381 esset,
559 2293 741 2379 vacabat,
777 2302 1012 2389 quapropter
1031 2292 1106 2363 sibi
1129 2293 1292 2389 putabat
1320 2315 1419 2366 nunc
1452 2295 1738 2371 discedendum.
1807 2295 1883 2374 Res

46 2413 160 2484 alitur
184 2413 324 2484 euenit.
384 2409 536 2482 Accidit
556 2397 678 2496 enim,
708 2418 753 2482 vt
773 2404 1019 2480 Wsansrmvs
1047 2407 1094 2478 V.
1114 2407 1179 2494 0.,
1218 2411 1282 2503 qui
1303 2408 1504 2481 historiam
1531 2412 1796 2503 profitebatur,
1835 2417 1883 2489 ob

46 2540 283 2600 senectutem
304 2529 641 2620 ingrauescentem¹
658 2535 698 2596 ct
718 2525 823 2598 vires
839 2523 1060 2614 languentes
1075 2545 1233 2595 munere
1247 2546 1288 2596 sc
1303 2545 1373 2597 sue
1389 2523 1597 2597 abdicaret.
1655 2523 1757 2598 Hinc
1768 2509 1882 2601 'Dum

43 2643 219 2717 Bncsrvs
250 2643 370 2737 v.1.,
402 2642 462 2714 cui
491 2641 623 2713 datum
642 2651 701 2712 cst
721 2638 912 2734 duplicem
928 2637 1150 2712 cathedram
1166 2627 1243 2711 rite
1270 2640 1369 2712 tuerl
1385 2661 1510 2736 posse,
1535 2641 1691 2715 volente
1714 2638 1884 2737 Collegit

44 2781 219 2848 summo,
247 2781 309 2832 res
341 2759 618 2834 ecclesiasticas
642 2767 681 2827 et
702 2755 949 2828 scholasticas
973 2753 1186 2848 derigentc,
1212 2768 1257 2829 vt
1288 2755 1493 2828 Srormrvs
1519 2755 1766 2847 retineretur,
1793 2759 1884 2833 Pro-

43 2875 240 2948 fessuram
255 2874 438 2944 historiae
454 2872 582 2946 subiit.
638 2871 770 2966 ltaque
787 2873 993 2943 commissa
1008 2882 1067 2941 cst
1090 2871 1273 2952 Seorsnro
1296 2871 1488 2944 Prolessio
1504 2873 1701 2946 literarum
1722 2875 1897 2949 Graeca--

40 3011 135 3064 rum
151 3000 190 3058 et
207 2988 443 3060 Latinarum.
501 2987 554 3060 Vt
570 2989 776 3058 sustineret
789 2987 861 3056 hec
876 3007 1025 3069 munus,
1049 2981 1206 3056 Calendi
1217 2973 1410 3077 Septemb.
1439 2988 1590 3082 publice
1609 2988 1821 3081 disputauit
1837 2992 1885 3064 dc

45 3105 96 3178 A.
122 3102 263 3176 Tibulli
287 3103 371 3178 vita
394 3113 433 3173 et
452 3101 697 3173 carminibus.
764 3097 883 3171 Hanc
898 3097 1208 3192 dissertationem
1234 3091 1482 3170 continuabat
1504 3103 1546 3172 in
1567 3097 1697 3173 libelle
1718 3119 1783 3192 cc,
1797 3093 1885 3201 'que

48 3221 265 3294 orationem
286 3217 485 3294 aditialcm
509 3217 744 3313 triduopost
759 3213 976 3286 habendam
998 3211 1197 3286 indiceret.
1256 3212 1292 3286 A
1315 3207 1542 3288 muto'inde
1561 3228 1734 3313 tempore
1748 3231 1886 3294 tracta-

42 3345 159 3412 verat
187 3333 463 3425 mythologiam
487 3353 574 3403 cum
599 3334 832 3403 Graecorum
856 3340 895 3400 et
916 3315 1174 3401 Romanorum
1201 3315 1283 3401 tum
1301 3329 1463 3402 aliorum
1479 3331 1708 3428 populorum
1724 3357 1883 3434 eamque
1925 3421 1926 3424 Ἴ

45 3455 90 3526 in
115 3450 254 3540 scholis
277 3448 440 3546 publicis
471 3443 687 3519 tradideret
718 3443 864 3516 duobus
884 3443 1006 3514 :annis
1041 3453 1142 3516 ante.
1211 3441 1272 3515 Ab
1295 3443 1367 3516 hoc
1396 3457 1661 3539 argumentum
1684 3453 1821 3523 sumsit
1843 3455 1884 3525 in

47 3588 207 3642 numere
232 3563 486 3659 auspicand03
521 3581 711 3658 quumque
734 3557 907 3646 deceret,
935 3557 978 3628 s'st
1004 3557 1242 3655 explicandis
1251 3573 1253 3578 '
1255 3559 1428 3653 subulcis,
1459 3571 1716 3658 praecesseras
1743 3565 1790 3638 dc
1814 3565 1886 3658 dr's‘s

47 3681 234 3779 rebusque
264 3679 408 3754 άίιιὺιιὶι
435 3677 754 3761 commasticant,
794 3683 906 3745 cause
932 3673 1271 3760 cessassemus,
1293 3671 1886 3777 etcommenderetpraecspcar
1975 3677 1978 3684 ¹

49 3799 237 3899 quasdem
258 3796 477 3879 coabbates}
510 3792 691 3879 docebat,
728 3811 842 3886 quam
870 3800 980 3878 cante
1003 3799 1041 3858 ct
1062 3790 1333 3882 circumspecte
1358 3791 1398 3859 in
1411 3789 1511 3860 hanc
1536 3793 1737 3900 materiam
1761 3797 1885 3890 inqui-

50 3918 220 3989 sinisset.
283 3913 388 3985 lnter
405 3911 481 3983 alia
503 3909 597 3982 haec
612 3908 735 3980 dixit:
764 3904 913 3994 „Quum
938 3905 1076 3976 Graeci
1094 3914 1133 3975 ct
1148 3903 1312 3976 Romani
1326 3905 1507 4001 pleraque
1524 3906 1605 3977 eius
1621 3910 1768 3999 generis
1785 3931 1885 3983 cem·

48 4043 184 4106 menta
207 4029 366 4103 ahenis
392 4037 575 4123 concepta
598 4036 665 4098 aut
689 4022 1019 4107 conseruauerint,
1057 4029 1123 4092 aut
1145 4022 1225 4092 suis
1250 4005 1481 4093 inseruerint
1504 4027 1653 4094 mutata
1676 4034 1714 4095 et
1739 4029 1885 4099 accom-

48 4147 231 4237 modata3
265 4144 313 4219 de
344 4143 522 4216 omnibus
544 4142 586 4214 in
615 4142 838 4216 vniucrsum
863 4135 968 4210 dicat
991 4137 1072 4209 eius
1103 4138 1251 4230 generis
1286 4136 1424 4209 fabulis
1454 4121 1715 4226 necessetas,
1745 4143 1809 4235 qui
1835 4143 1886 4216 ad
1929 4161 1931 4168 ·

49 4269 221 4340 Graecas
236 4263 498 4336 ‘ethomanas
522 4270 624 4330 recte
652 4245 920 4347 intelligendos
942 4255 1050 4327 viam
1072 4253 1146 4325 sibi
1173 4254 1257 4328 vult
1286 4255 1447 4327 munire.
1476 4297 1528 4309 —-
1588 4253 1779 4329 Vniuersa
1804 4259 1885 4330 illa-

30 4395 142 4460 -runl
157 4379 376 4454 fabularum
400 4376 610 4472 explicatio
632 4384 691 4444 cst
720 4371 882 4467 duplicis
907 4371 1150 4466 potissimum
1178 4371 1348 4464 generis,
1377 4375 1536 4466 querum
1569 4371 1731 4443 alterum
1756 4371 1811 4444 ed
1831 4371 1886 4446 Μ-

121 4615 146 4677 ’)
165 4611 273 4674 Quodsi
292 4625 346 4663 res
358 4621 393 4662 eo
414 4605 593 4677 peruenerit,
614 4609 645 4655 vt
665 4602 878 4672 quaesissetis
897 4581 950 4656 sus
961 4591 1064 4670 lingua
1081 4602 1202 4664 scribst,
1229 4603 1325 4654 nescio
1343 4601 1542 4654 an'literarum
1561 4603 1656 4657 lumen
1678 4619 1743 4658 mes
1762 4605 1816 4656 nisi
1836 4619 1888 4658 ex·
1935 4655 1938 4660 ,
2020 4667 2022 4672 Ι

45 4701 205 4761 stinctum,
224 4704 301 4750 certe
322 4695 503 4756 obscuratum
528 4690 588 4742 ibit.
624 4689 693 4742 Cum
713 4688 789 4740 enim
806 4689 944 4740 scientiae
968 4687 1091 4740 ambitus
1110 4688 1139 4738 in
1160 4686 1222 4740 dies
1238 4687 1388 4740 latioribus
1406 4684 1509 4744 finibus
1528 4689 1775 4756 orcumscribatur
1790 4703 1887 4758 usquc

44 4791 97 4838 tot
114 4785 231 4850 linguae
252 4783 306 4835 cite
325 4781 360 4835 ab
381 4777 511 4834 omnibus
529 4773 637 4828 addisci
657 4773 782 4844 possint,
800 4787 866 4826 mox
885 4773 961 4826 ritae
979 4771 1107 4826 breuiter
1123 4787 1180 4826 non
1199 4773 1322 4826 sufficiet
1339 4771 1375 4824 ad
1392 4786 1525 4856 magnum
1547 4774 1654 4848 aliquid
1675 4780 1704 4826 et
1722 4774 1791 4868 stile
1808 4787 1890 4868 mh*

41 4869 195 4924 suadum-
228 4893 231 4900 ·

1390 4933 1420 5010 C
1448 4939 1473 5007 2
