4568 6076
1134 488 1538 566 -14--

415 719 463 791 lis
486 737 556 814 per
581 724 700 788 totam
725 709 940 807 Aegyptum
967 708 1132 803 vignerit
1161 699 1375 804 eodemque
1400 711 1575 805 tempore
1594 719 1647 784 ct
1665 705 1821 805 Coptica
1849 719 1889 782 et
1909 705 2149 804 Aegyptiace
2177 703 2278 780 313·

382 861 385 868 ’
414 833 711 929 Hieroglypbica
737 833 918 926 scriptum
937 828 1006 917 sit,
1038 847 1163 924 neque
1186 824 1342 900 aliunde
1365 827 1533 922 linguam
1553 825 1749 924 Copticam
1773 828 1816 900 in
1830 826 2047 926 Aegyptum
2061 821 2278 906 introduc-

415 969 493 1028 tam
520 975 605 1026 esse
627 961 790 1037 constet3
822 949 896 1022 vix
924 969 968 1020 33
993 967 1043 1018 33
1069 948 1143 1022 vix
1169 943 1324 1042 quidem
1346 944 1395 1018 de
1420 946 1499 1018 3113
1525 945 1674 1040 lingua,
1708 968 1805 1044 quae
1832 945 1985 1042 scriptis
2007 942 2278 1040 Aegyptiaci}

414 1073 558 1161 subsit,
589 1070 746 1161 cogitari
769 1076 908 1164 potest.
968 1063 1101 1161 Itaque
1134 1077 1254 1139 totam
1278 1062 1569 1162 inscriptionem
1591 1065 1840 1138 Rosettanam
1870 1062 2103 1138 demolitam
2129 1061 2278 1152 31131131

414 1189 541 1264 lucida
567 1187 773 1282 descripsit
792 1186 866 1275 ita,
897 1195 941 1259 vt
966 1182 1151 1257 vocabula
1177 1183 1264 1281 plus
1287 1181 1407 1256 semel
1431 1184 1687 1274 occurrentia,
1720 1183 1995 1270 conscriberet,
2023 1181 2152 1278 iisque
2186 1201 2263 1258 non

414 1311 561 1384 Graeca
583 1307 729 1396 solum,
756 1325 853 1402 quae
868 1303 917 1374 iis
934 1302 1203 1391 conuenirent,
1229 1299 1435 1390 sedetiam
1449 1297 1627 1397 Coptica,
1651 1298 1765 1392 idem
1779 1300 2051 1395 significantia,
2076 1297 2258 1394 adiunge

412 1438 482 1520 ret.
533 1424 658 1515 Quum
681 1425 859 1511 sentiret,
885 1419 1073 1496 vocabula
1087 1419 1322 1517 Aegyptiace
1345 1415 1507 1493 totidem
1526 1421 1607 1493 sere
1623 1419 1742 1514 signis
1761 1405 1935 1494 constare
1956 1429 2071 1516 atque
2087 1416 2249 1515 Coptica,

412 1544 639 1641 praesertim
661 1543 792 1614 missis
813 1538 1034 1629 vocalibus3
1064 1538 1186 1629 vidit,
1213 1547 1449 1635 ‘potestatem
1480 1536 1678 1612 literarum
1707 1537 2030 1636 Aegyptiacarum
2057 1557 2147 1612 3333
2168 1536 2248 1633 pbo

413 1665 580 1737 neticam
606 1662 689 1733 siue
718 1656 1008 1756 alphabeticam.
1067 1657 1151 1748 Quo
1178 1658 1280 1730 lacto
1308 1654 1475 1753 deniqne
1497 1657 1668 1730 restabat
1696 1657 1833 1733 videre
1862 1656 1911 1730 de
1939 1657 2245 1753 pronunciatione

413 1782 612 1855 literarum
638 1775 925 1852 demoticarum.
975 1774 1107 1872 ltaque
1129 1777 1295 1873 primum
1315 1798 1358 1849 se
1381 1775 1541 1849 contulit
1560 1774 1609 1848 ad
1629 1777 1785 1850 nomina
1802 1775 1972 1872 propria.
2021 1771 2245 1872 Comparan-

414 1897 477 1974 dis
501 1899 564 1972 bis
585 1895 824 1984 nominibus,
847 1894 1023 1990 cognouit
1044 1893 1146 1968 baud
1167 1917 1372 1990 paucarum
1397 1895 1593 1968 literarum
1615 1894 1781 1984 1313133,
1805 1915 1965 1991 quarum
1989 1891 2141 1968 auxilio
2165 1914 2244 1968 mox
2274 1943 2278 1954 ·

415 2018 564 2115 reliqua
596 2013 784 2090 vocabula
806 2013 995 2087 demotica
1029 2025 1330 2106 aggressusest,
1362 2035 1487 2110 neque
1506 2013 1657 2088 frustra.
1709 2013 1833 2104 Quum
1858 2014 1963 2087 enim
1993 2008 2154 2100 easdem
2175 2009 2243 2096 lite

414 2159 478 2210 133
507 2137 548 2208 13
572 2131 770 2208 vocabulis
790 2131 1036 2227 Aegyptiacis
1062 2141 1235 2226 repertas
1259 2130 1396 2204 eodem
1426 2129 1543 2206 modo
1564 2133 1853 2229 pronunciaret,
1883 2131 2069 2228 atqueu‘u
2093 2129 2241 2204 nomini

414 2253 507 2344 but;
533 2249 632 2328 vidit
650 2249 834 2326 vocabula
855 2249 1092 2346 Aegyptiace
1111 2271 1211 2322 nunc
1234 2273 1319 2322 curo
1339 2248 1507 2345 Copticis
1526 2261 1569 2324 et
1581 2251 1758 2342 Graecis,
1783 2273 1879 2348 quas
1892 2261 2008 2324 antea
2023 2249 2075 2321 iis
2088 2245 2239 2344 adscrip
2274 2301 2276 2309 ι

415 2385 538 2459 33131,
570 2381 610 2442 31
636 2370 952 2466 pronunciatione
984 2381 1024 2442 31
1046 2370 1321 2463 significatione
1351 2368 1467 2466 plane
1493 2372 1719 2460 conuenire,
1738 2429 1740 2434 .
1756 2391 1857 2442 nunc
1883 2369 2012 2464 aliqua
2040 2366 2238 2446 3311311131

414 2489 524 2586 parte
550 2509 767 2580 congruere.
824 2487 896 2562 Sin
920 2487 1114 2560 inueniret
1140 2509 1260 2560 nouas
1283 2487 1414 2560 literas
1442 2485 1717 2578 demoticas,
1704 2490 1754 2562 ris
1777 2511 1863 2562 eam
1888 2497 2120 2583 potestatem
2152 2461 2278 2598 euml

414 2628 489 2703 [133
511 2627 645 2678 sonum
675 2604 824 2694 tribuit,
847 2606 912 2700 qui
936 2604 1100 2678 3333113
1114 2604 1282 2702 Copticis
1297 2604 1492 2678 vocabulis
1509 2627 1593 2679 curn
1606 2605 1852 2702 Aegyptiacis
1868 2604 2126 2701 comparatis..
2155 2603 2278 2680 Hinc

414 2723 581 2819 denique
606 2746 653 2794 33
675 2724 880 2818 1113333311,
904 2735 947 2796 vt
972 2733 1108 2794 131331
1120 2723 1409 2816 inscriptionem
1435 2723 1557 2796 literis
1577 2725 1709 2798 latinis
1729 2726 1947 2822 conciperet
1966 2735 2008 2796 et
2027 2685 2278 2817 pronuncia-3

414 2853 486 2913 ret
543 2839 761 2914 Ceterum'
749 2863 791 2912 m
820 2839 880 2912 bis
904 2838 1101 2912 laboribus
1133 2839 1253 2914 multa
1285 2839 1387 2915 vidit
1412 2839 1460 2914 de
1488 2840 1635 2934 legibus
1666 2841 1878 2930 scribendi,
1911 2841 1960 2916 de
1982 2840 2238 2924 vocabulorum

333 2979 336 2985 ·
413 2967 554 3031 tratura
571 2969 611 3030 31
633 2958 830 3032 literarum
856 2957 1173 3054 proprietatibus,
1205 2958 1256 3032 de
1286 2959 1422 3056 quibus
1455 2958 1626 3034 1311313
1647 2961 1841 3060 capitibus
1869 2960 1918 3034 de
1943 2959 2238 3096 llieroglyplrict,

412 3075 666 3149 vocabulario
692 3087 732 3148 31
755 3077 1019 3149 Grammatico
1036 3074 1259 3174 Spobniaua
1281 3079 1356 3150 crit
1380 3099 1518 3150 senno.
2213 3115 2239 3150 1.

514 3195 573 3266 De
593 3195 717 3267 1113113
744 3193 944 3268 dometicis
963 3193 1161 3291 Spohnius
1189 3195 1354 3291 profecit
1373 3194 1424 3268 ad
1450 3194 1719 3286 1131311333,
1706 3220 1747 3270 13
1770 3217 1930 3294 quarum
1957 3198 2186 3294 tractatione
2201 3195 2238 3268 si.
2275 3251 2278 3288 ,

412 3311 575 3386 millime
598 3327 774 3389 versatus
797 3326 865 3386 est
914 3313 1037 3404 Quum
1051 3313 1349 3405 connumeret,
1375 3315 1482 3408 signa
1497 3313 1680 3388 1113131133
1695 3313 1896 3392 [1313311311
1910 3339 2010 3392 γ3313
2027 3313 2239 3410 3111313333
2277 3319 2278 3372 3

413 3442 529 3527 atque
550 3431 592 3502 in
617 3455 663 3502 eo
687 3432 1389 3527 31131131333311111313313313331113,
1413 3431 1515 3530 quod
1538 3453 1616 3506 non
1641 3456 1739 3525 vno,
1766 3433 1834 3508 sed
1859 3433 2032 3542 plqribus
2052 3434 2238 3529 signisve

414 3548 550 3622 cabula
578 3551 863 3645 exprimuntur3
902 3548 994 3622 inde
1022 3549 1224 3640 conclusit,
1260 3553 1402 3647 scripta
1423 3549 1701 3647 Aegyptiarum
1730 3552 1916 3638 hieratica
1944 3551 2085 3632 iisdem
2108 3550 2239 3645 legibus
2277 3561 2278 3636 ᾔ

414 3665 584 3741 subiecta
616 3689 700 3760 esse
726 3679 840 3763 atque
875 3665 1076 3741 demotica.
1135 3668 1268 3764 ltaque
1295 3669 1336 3742 in
1363 3669 1484 3743 titulis
1520 3668 1733 3760 bieraticis,
1768 3695 1863 3768 qnos
1887 3671 2068 3762 baberet,
2098 3667 2278 3762 11331111

411 3785 602 3883 primurn,
634 3799 679 3860 vt
703 3783 888 3859 vocabula
915 3786 998 3860 siue
1030 3787 1225 3880 signorum
1257 3786 1482 3883 complexus
1512 3789 1653 3864 iterum
1685 3792 1900 3887 iterumque
1930 3789 2069 3868 obuios
2092 3787 2239 3862 1133133

411 3903 570 4000 reliquis
593 3903 821 3998 seiungeret.
872 3903 993 3994 Qua
980 3927 1022 3978 rn
1049 3928 1090 3977 re
1121 3903 1248 3978 denuo
1275 3906 1408 3980 literae
1443 3905 1654 4042 quaedam
1663 3907 1856 3982 11331333
1831 3908 2112 4002 verborumque
2140 3897 2240 3986 13131-

411 4022 517 4098 valla
532 4033 618 4098 vtut
631 4023 775 4117 exigua
791 4021 1102 4116 suffragabantur.
1151 4021 1291 4098 Titulis
1305 4024 1426 4100 variis
1448 4024 1488 4096 in
1515 4025 1703 4100 vocabula
1729 4047 1799 4100 333
1816 4028 1951 4104 3313113
1978 4001 2240 4123 quaestioni

412 4138 462 4212 [13
483 4139 716 4235 singulorum
740 4140 934 4234 signorum
961 4141 1024 4216 vel
1050 4141 1265 4240 literarum,
1292 4141 1430 4238 quibus
1453 4156 1639 4234 constant,
1667 4157 1877 4240 potestate.
1919 4144 2083 4237 Quum
2070 4167 2114 4222 lu
2139 4141 2239 4236 scrip

411 4259 461 4331 tis
495 4256 695 4331 dometicis
728 4258 857 4332 varias
891 4259 1024 4332 1113133
1056 4259 1329 4356 literarumque
1361 4261 1507 4334 formas
1538 4261 1758 4353 didicisset,
1788 4287 1878 4338 non.
1896 4264 2072 4361 ineptum
2098 4259 2239 4337 videba-

411 4386 492 4466 tur,
517 4376 650 4450 literas
672 4375 875 4450 hieraticas
897 4400 982 4452 cum
1009 4375 1213 4452 [1313311313-
1234 4378 1358 4452 131133
1385 4379 1574 4454 similibus
1601 4403 1842 4477 comparare,
1867 4391 2172 4478 comparataeet
2193 4380 2237 4452 ir·

410 4505 537 4567 terso
565 4506 815 4588 congruentes
846 4495 1071 4593 parimodo
1096 4497 1361 4593 pronunciare.
1416 4500 1480 4572 Sic
1504 4501 1673 4595 integros
1708 4501 1841 4575 titulos
1865 4501 1989 4574 literis
2013 4495 2237 4594 1131131313-
2274 4471 2278 4574 l

409 4613 563 4708 scripsit
605 4625 718 4710 atque
751 4613 888 4687 Lexici
929 4613 1078 4711 Coptici
1110 4639 1184 4712 ope
1222 4615 1409 4690 vocabula
1448 4616 1685 4713 Aegyptiace
1719 4621 1761 4693 in
1800 4619 2046 4695 vernaculam
2086 4575 2278 4710 linguanl

409 4729 615 4805 transtulit.
665 4730 771 4821 Quae
797 4731 990 4812 inuenerit
1015 4731 1064 4806 [13
1090 4733 1236 4828 legibus
1259 4733 1457 4814 literarum
1483 4733 1772 4826 mesaticorum,
1805 4736 1855 4811 de
1881 4735 2028 4812 Lexico
2056 4739 2235 4810 3111133-

408 4849 571 4938 3131133,
595 4847 697 4922 13113
721 4845 875 4924 vberius
903 4863 1158 4946 exponentur.
2254 4923 2257 4930 .

508 4967 686 5067 Denique
713 4967 907 5064 Spobuius
933 4967 984 5043 ad
1012 4971 1155 5070 scripta
1178 4967 1464 5066 hieroglyphica
1490 4993 1531 5044 se
1564 4973 1723 5048 contulit
1746 4973 1824 5063 ita,
1856 4985 1901 5050 vt
1925 4974 1974 5048 ab
1999 4975 2231 5070 inscriptione
