4674 6046
582 1717 1525 1910 Pnanrsulo

954 2145 1162 2176 -ψ-ι-ιι

120 2419 281 2592 Quum
306 2493 345 2566 in
367 2495 623 2595 superioribus¹
641 2493 779 2570 dictum
804 2496 852 2568 sit
877 2495 923 2568 de
941 2517 1043 2571 ¹antio
1070 2509 1107 2570 et
1130 2499 1263 2590 modo,
1297 2522 1370 2595 quo
1395 2495 1621 2592 Ssossws,
1647 2498 1748 2572 estius
1773 2511 1815 2576 vt
1838 2502 2000 2594 magistri

121 2637 161 2698 et
186 2630 291 2700 amici
314 2641 350 2701 et
375 2633 509 2726 egregii
535 2635 694 2706 hominis
719 2645 757 2705 et
779 2634 979 2728 scripturae
996 2630 1242 2730 Aegyptiacae
1258 2635 1510 2712 instauratoris
1533 2637 1753 2724 memoriam
1777 2659 1860 2708 mea
1882 2636 1998 2738 pietas

118 2767 161 2834 in
187 2777 372 2852 aeternum
398 2768 886 2865 colet,.ad,explicationen1
912 2768 1100 2850 literarum
1127 2767 1433 2866 Aegyptiacarum
1468 2793 1507 2843 se
1539 2772 1750 2862 contulerit,
1781 2772 1829 2856 ¹de
1863 2771 1998 2846 artibus

118 2900 383 2995 subsidiisque,
410 2927 566 2998 quorum
591 2906 712 2976 bisin
741 2907 865 2976 studiis
896 2901 1026 2994 lecerit
1052 2929 1178 2997 usum,
1212 2907 1257 2976 de
1281 2909 1442 2996 ratione,
1473 2930 1544 3000 qua
1575 2908 1736 2992 inuenta¹
1756 2929 1822 2978 sua
1856 2905 1999 2997 scriptis

115 3019 370 3122 mandauerit,
406 3047 513 3128 atque
539 3038 584 3106 de
609 3038 686 3106 aliis
711 3037 855 3124 multis,
881 3060 973 3130 quae
997 3040 1071 3110 iam
1097 3042 1368 3130 praemonenda
1394 3019 1515 3132 essent
1522 3063 1533 3126 3
1557 3050 1686 3125 restat,
1719 3051 1759 3107 vt
1778 3040 1927 3107 schedas
1953 3061 1998 3106 ex

112 3176 192 3245 hoo
216 3193 347 3262 genere
372 3169 462 3238 mihi
487 3170 656 3258 traditas,
690 3171 787 3261 quod
818 3170 904 3236 huic
932 3164 1014 3235 loco
1045 3165 1307 3236 ,reseruandum
1338 3176 1434 3255 erat,
1468 3168 1622 3258 singulas
1654 3192 1864 3240 enumerem
1889 3136 1998 3266 atque

50 3313 62 3320 '
115 3305 322 3380 accuratius
345 3303 558 3388 describam,
584 3321 778 3394 meamque
798 3319 949 3368 manum
974 3297 1012 3367 in
1033 3296 1105 3368 hoc
1131 3322 1243 3392 opere
1268 3301 1425 3393 positam
1453 3299 1648 3394 significem
1675 3313 1782 3397 atque
1810 3287 1996 3398 antiquum

116 3441 278 3515 officium
304 3461 346 3505 ac
368 3434 548 3525 debitum,
574 3437 672 3530 quod
696 3435 758 3529 pia
784 3435 925 3522 anima,
960 3433 1094 3527 quippe
1118 3433 1175 3503 his
1199 3433 1309 3504 rebus
1326 3447 1567 3528 praematura
1589 3449 1708 3508 morte
1733 3449 1878 3532 erepta,
1908 3435 1998 3508 red-

118 3580 207 3648 dere
232 3572 373 3667 nequit,
410 3595 479 3664 pro
512 3593 595 3641 mea
623 3581 732 3666 parte
763 3569 1008 3664 persoluamw
1059 3568 1153 3639 Sane
1182 3591 1296 3660 gram
1322 3581 1378 3640 est
1401 3595 1552 3662 munus,
1575 3547 1673 3665 ¹opus
1698 3575 1942 3665 posthumum.
1959 3574 1997 3642 in

118 3715 241 3783 lucem
275 3709 457 3795 emittere3
491 3706 770 3798 grauissimum,
804 3728 887 3774 cum
920 3701 992 3773 tale
1028 3704 1164 3794 agitur,
1196 3701 1321 3797 quale,
1355 3716 1396 3776 vt
1429 3707 1519 3775 mihi
1534 3797 1537 3802 Ι
1551 3707 1694 3800 quidem
1717 3707 1880 3793 videbar,
1913 3715 1998 3797 post

118 3849 309 3919 literarum
335 3843 515 3913 bonarum
539 3840 840 3910 instaurationem
865 3839 928 3910 vix
949 3861 1061 3909 vnum
1089 3863 1131 3906 ac
1156 3861 1202 3907 ne
1228 3838 1289 3908 vix
1314 3839 1460 3931 quidem
1485 3841 1641 3934 prodiit,
1676 3841 1775 3934 quod
1800 3840 1920 3939 nescio
1948 3861 1994 3907 an

119 3982 222 4054 haud
249 3978 396 4070 exiguus
429 3977 654 4047 eruditorum
682 3975 780 4046 orbis
804 3973 949 4044 intentis
975 3972 1087 4044 oculis
1112 3974 1248 4043 dudum
1273 3995 1348 4042 non
1374 3983 1539 4067 expectet
1563 3972 1702 4063 soltun,
1723 3975 1802 4043 'sed
1826 3971 1994 4070 postulet.

119 4119 228 4206 Quae
252 4137 336 4184 cum
361 4113 532 4183 sentirem
555 4113 767 4206 priusquam
794 4108 946 4201 scripta,
977 4131 1083 4202 quae-
1100 4123 1196 4180 nunc
1225 4127 1370 4178 mecum
1394 4108 1534 4199 habeo,
1565 4110 1785 4203 reciperem,
1816 4131 1995 4203 vpraesen-

118 4254 218 4324 tibus
243 4248 393 4322 testibus
419 4247 573 4339 singulas
605 4248 754 4341 paginas
789 4245 952 4315 numeris
983 4245 1126 4335 notaui,
1156 4243 1293 4339 perlegi
1326 4251 1524 4339 earumque
1556 4255 1809 4336 argumentum
1834 4241 1994 4314 breuiter

120 4386 293 4482 descripsi
325 4383 369 4456 in'
399 4381 541 4472 libello;
575 4382 664 4456 ‘hinc
693 4381 815 4470 effeci,
842 4389 881 4450 vt
906 4403 952 4449 ne
977 4379 1169 4454 verbulum
1194 4377 1285 4450 mihi
1312 4382 1525 4451 assumsisse
1548 4391 1612 4456 aut
1644 4381 1689 4451 de
1714 4382 1824 4466 meis,
1855 4377 1994 4460 cuietti-

118 4520 322 4607 modium,
349 4519 565 4610 suggessisse
581 4518 765 4611 quidpiam
791 4515 961 4605 dicerem,
986 4527 1038 4604 rt,
1065 4514 1232 4585 absoluto
1259 4539 1383 4609 opere,
1408 4515 1486 4586 MS.
1510 4513 1581 4586 hoo
1602 4517 1641 4586 in
1661 4515 1880 4608 bibliotheca
1896 4509 1992 4580 Vni-

120 4656 323 4742 versitatis,
365 4677 436 4746 quo
469 4655 589 4724 minus
628 4653 705 4722 eius
739 4649 918 4722 niemoria
952 4649 1113 4720 aboleret
1153 4659 1189 4720 et
1227 4649 1366 4721 facilius
1400 4675 1422 4719 a
1455 4651 1615 4745 quolibet
1654 4653 1781 4745 inspici
1816 4659 1852 4718 et
1887 4667 1991 4714 com-

118 4787 251 4889 pa'rari'
269 4793 413 4885 posset,
447 4789 672 4859 nobilissimo
696 4785 734 4854 in
755 4785 837 4856 loco
865 4797 1086 4856 asseruntum
1114 4785 1193 4856 iret.
1252 4783 1422 4880 Triplicis
1450 4788 1591 4876 generis
1617 4798 1718 4874 sunt,
1751 4807 1839 4880 quas
1860 4780 1996 4848 Srou·

108 4905 224 5000 'mus
267 4924 454 4996 defunctus
494 4925 538 4998 ad
575 4922 689 4994 hocce
733 4942 824 5014 opus
864 4922 1028 5016 reliquit,
1078 4920 1241 4992 schedae.
1307 4920 1350 4990 In
1392 4919 1471 4988 aliis
1510 4922 1759 5015 inscriptiones
1800 4887 1990 5009 textusque

119 5061 341 5158 Aegyptiaci·
367 5071 525 5149 exstant,
559 5059 650 5130 aliae
683 5057 939 5152 explicationes
975 5039 1082 5152 atque
1115 5058 1369 5128 translationes
1400 5055 1588 5145 exhibent,
1633 5054 1724 5124 eliae
1760 5054 1913 5147 denique
1944 5048 1990 5118 ad

1275 5213 1298 5257 a
1322 5187 1348 5256 2
