4636 6060
421 700 622 776 translatio
645 722 780 798 graeca
797 721 820 772 a
836 695 949 773 beato
966 697 1137 802 Youngio
1159 699 1319 772 iuuenta
1341 697 1423 772 fuit.
1474 697 1534 774 De
1557 694 1805 792 inscriptione
1825 695 1939 772 huius
1959 696 2167 792 voluminis
2192 694 2261 771 de·

419 822 561 893 metica
585 829 862 893 commentatus
886 829 949 890 est
964 819 1025 892 vir
1046 837 1075 890 s.
1097 839 1135 892 v.
1155 817 1438 913 Kosegartenus
1468 815 1774 912 (Bemerltungen
1792 816 1888 902 iiber
1909 815 1986 890 den
2012 818 2138 913 igypt.
2152 814 2261 889 'l'ext

422 939 530 1044 eines
557 938 730 1034 Papyrus
751 949 820 1008 cet.
856 935 1037 1009 Greilsw.
1068 935 1203 1027 1824),
1240 957 1413 1029 graecam
1435 935 1642 1011 illustrauit
1670 934 1805 1010 beatus
1830 935 2083 1010 Buttmannus
2105 933 2261 1026 (Erklii-

421 1079 520 1150 rung
534 1054 570 1127 d.
589 1078 643 1151 gr.
665 1055 810 1128 licisoh.
834 1054 905 1128 auf
922 1077 955 1126 e.
978 1055 1035 1148 ig.
1057 1053 1148 1150 Pap.
1180 1053 1279 1127 Berl.
1306 1053 1433 1146 1824).

819 1301 923 1376 Tab.
957 1301 1022 1402 111.
1071 1300 1303 1402 “Pappa-us
1333 1300 1567 1378 Parisino
1597 1301 1847 1378 demetiae.
1944 1375 1945 1378 ,
2012 1343 2013 1348 =

522 1487 631 1562 Haec
655 1484 784 1562 tabula
816 1487 951 1561 nititur
981 1485 1127 1561 duabus
1163 1487 1302 1563 chartis
1329 1487 1468 1562 lucidis
1488 1477 1591 1594 inter
1619 1486 1780 1563 schedas
1808 1483 2049 1586 Spohnianas
2075 1483 2259 1584 repertis,

424 1628 517 1704 quas
538 1605 587 1704 'ad
613 1606 785 1702 exempli
807 1602 922 1678 fidem
946 1601 1065 1700 lapidi
1094 1606 1359 1712 inscribendas
1382 1607 1532 1698 curaui,
1569 1628 1802 1705 quarumque
1827 1604 2102 1702 autographum
2127 1606 2171 1676 in
2201 1623 2260 1676 se-

422 1737 526 1798 creto
543 1722 794 1798 bibliothecae
812 1725 941 1818 regiae
959 1722 1156 1797 Parisinae
1171 1727 1309 1822 reperi.
1350 1725 1587 1822 Subscriptio
1606 1723 1992 1820 textus‘Aegyptiaca
2008 1746 2092 1796 curn
2109 1723 2261 1795 Graeca

421 1843 491 1919 No.
510 1843 574 1915 ΙΙΙ.
595 1843 780 1916 claritatis
794 1862 916 1914 >causa
942 1841 1065 1932 altera
1091 1843 1133 1916 in
1156 1841 1287 1920 charta
1310 1846 1477 1940 repetita
1504 1844 1671 1917 cernitur
1690 1853 1804 1939 atque
1833 1841 1984 1915 titulum
2004 1843 2126 1942 partis
2147 1861 2261 1912 auer-

421 1983 488 2036 sae
510 1959 630 2034 hahes
648 1961 718 2036 No.
734 1960 791 2034 ΙΙ.
830 1959 916 2034 Huc
941 1970 1090 2056 spectat
1109 1959 1312 2056 Specimen
1337 1963 1401 2036 lV.
1427 1960 1511 2036 Vol.
1527 1961 1555 2035 Ι.
1581 1983 1618 2060 p.
1633 1966 1683 2034 37
1697 1981 1819 2057 usque
1842 1956 1893 2032 ad
1913 1961 2060 2058 paga-3
2085 1979 2173 2032 cum
2191 1949 2261 2034 v'o-

419 2077 637 2153 cabulorurn
654 2064 961 2176 aegyptiacorum
988 2075 1198 2170 diuisione,
1223 2081 1368 2184 passim
1381 2081 1698 2178 interpretatione
1716 2079 1991 2174 literarumque
2004 2077 2261 2150 translatione

420 2197 653 2294 Spohniana.
685 2197 796 2272 -Hoc
820 2198 1015 2294 specimen
1045 2205 1122 2284 est,
1157 2197 1259 2293 quod
1286 2199 1433 2272 inimici
1462 2197 1646 2297 Spohnii,
1684 2197 1936 2272 translatione
1965 2197 2111 2270 Graeca
2142 2183 2261 2267 huius

319 2389 324 2396 ,
419 2315 559 2412 papyri
581 2337 604 2387 a
626 2313 737 2388 beato
765 2314 932 2409 Youngio
954 2315 1133 2405 inuenta,
1155 2337 1233 2389 non
1258 2315 1490 2422 dubitarunt
1503 2316 1631 2390 dicere
1655 2312 1841 2410 hymnum
1860 2314 2061 2420 insulem,
2087 2334 2163 2411 quo
2184 2311 2261 2385 fal-

420 2434 515 2507 sitas
535 2435 754 2526 systematis
778 2429 1301 2530 Spohnianidemonstretur.
1349 2437 1410 2510 De
1427 2458 1473 2508 eo
1490 2458 1588 2511 nunc
1601 2435 1749 2508 rectius
1763 2431 1926 2508 iudicari
1939 2444 2078 2530 potest.
2116 2429 2269 2521 Quam-v

421 2573 534 2647 quam
554 2552 657 2625 enirn
680 2551 872 2648 Spohnius
898 2573 975 2624 non
999 2552 1129 2625 omnia
1148 2551 1396 2650 interpretari
1418 2555 1560 2645 valuit,
1586 2553 1731 2627 clarum
1757 2564 1888 2626 tamen
1907 2562 1987 2641 est,
2019 2548 2140 2622 multa
2170 2569 2260 2620 cum

418 2671 597 2745 versione
616 2692 752 2765 graeca
764 2682 901 2766 postea
914 2679 1069 2766 reperta
1082 2672 1312 2770 conspirare.
1361 2667 1449 2746 viu
1475 2671 1609 2774 Breuis
1626 2669 1800 2746 defensio
1815 2666 2118 2766 hieroglyphicas
2133 2663 2262 2764 Spob·

419 2789 570 2863 nianae.
601 2787 704 2886 Lips.
729 2793 837 2864 1827.
858 2809 944 2887 pag.
958 2791 983 2859 6
999 2807 1077 2900 seq.
1161 2787 1170 2796 '
1843 2779 1844 2782 '

754 3019 861 3097 Tab.
891 3021 955 3097 IV.
1015 3018 1240 3121 Popyres
1268 3017 1615 3128 berolinensis
1649 3021 1905 3098 demetiae.

518 3203 819 3305 Menuscriptum
844 3206 916 3281 hoc
945 3205 1014 3283 No.
1030 3209 1091 3281 42.
1106 3229 1140 3281 a
1175 3205 1432 3284 Bibliothecae
1461 3208 1603 3304 Regiae
1633 3207 1893 3282 Berolinensis
1917 3202 2095 3304 Spohnio
2116 3202 2262 3282 libcra-

408 3323 563 3398 lissima
590 3325 813 3400 mandatum
843 3325 1124 3400 accuratissime
1150 3326 1199 3402 ab
1231 3347 1278 3401 eo
1299 3326 1429 3425 lapido
1462 3324 1695 3422 descriptum
1725 3336 1801 3416 est,
1833 3324 1933 3399 adeo
1962 3337 2008 3400 vt
2028 3324 2261 3420 exemplum

418 3443 491 3518 vix
511 3455 652 3539 puncto
671 3442 822 3520 differat
840 3444 887 3518 ab
910 3443 1156 3542 autographo.
1206 3445 1355 3520 Titulus
1373 3446 1415 3519 in
1432 3455 1541 3542 parte
1562 3465 1700 3517 auersa
1721 3441 1833 3518 huius
1851 3442 1990 3541 papyri
2009 3455 2068 3514 est
2080 3441 2174 3514 lab.
2190 3441 2260 3515 vl.

417 3558 533 3634 Nol.
564 3560 742 3636 Ceterum
762 3563 836 3636 hoc
856 3563 1039 3638 volumen
1058 3587 1144 3640 cum
1164 3565 1341 3662 sequenti
1361 3561 1454 3638 Tab.
1467 3563 1513 3638 V.
1533 3563 1772 3637 coniunctum
1793 3573 1989 3660 repertum
2011 3560 2104 3650 luit,
2134 3561 2192 3632 ita
2211 3573 2262 3636 vt

419 3689 578 3776 vtraque
604 3701 774 3777 papyrus
795 3681 909 3754 initio
933 3703 1053 3758 vnum
1074 3683 1258 3759 volumen
1281 3682 1435 3778 longum
1461 3678 1662 3755 efficerent.
1713 3679 1801 3754 Vid.
1824 3679 1997 3756 libellum
2019 3697 2148 3770 meunt
2164 3676 2261 3750 Bei-

419 3805 535 3890 trogo
559 3822 633 3870 zur·
656 3797 869 3874 Kelustniss
889 3799 956 3872 des
978 3825 1014 3873 a.
1037 3796 1131 3893 Aeg.
1152 3799 1258 3899 desp.
1283 3805 1394 3876 1826.
1409 3823 1505 3900 pag.
1522 3803 1605 3872 27.
1632 3799 1692 3872 De
1709 3797 1781 3874 hac
1804 3819 1952 3898 papyro
1973 3807 2263 3898 commentatus

417 3927 477 3991 est
497 3915 690 4015 Spohnius
711 3917 795 3994 Vol.
811 3917 841 3992 Ι.
862 3939 946 4016 pag.
965 3922 1142 4001 17-27.
1922 3905 1923 3908 ¹
1997 3923 2001 3932 “

766 4148 874 4225 Tab.
905 4135 950 4225 V.
1006 4148 1234 4260 Popyrus
1263 4147 1606 4224 Berolinensis
1637 4137 1896 4224 ‹lem'ortca

515 4332 601 4408 Hoc
626 4336 926 4434 manuscriptum
948 4333 1019 4410 No.
1039 4337 1100 4408 42.
1116 4333 1152 4408 b.
1193 4327 1452 4410 Bibliothecae
1481 4335 1622 4431 Regiae
1654 4332 1914 4408 Beroliuensis
1944 4354 1967 4405 a
1989 4319 2274 4432 praecedentis

416 4473 577 4547 quocum
598 4454 709 4527 initio
738 4453 908 4527 cohaesit
930 4475 1123 4551 vnumque
1143 4453 1326 4529 volumen
1348 4451 1561 4544 constituit,
1589 4475 1668 4527 non
1695 4450 1822 4526 differt
1845 4450 1920 4542 ilde
1945 4463 1985 4522 et
2012 4470 2102 4523 cura
2129 4450 2264 4547 Spoh·

415 4570 542 4642 niana
592 4569 759 4643 ‘l'itulum
777 4573 899 4667 partis
921 4594 1078 4646 auersae
1108 4571 1270 4646 exhibet
1290 4569 1382 4644 Tab.
1398 4571 1471 4646 Vh.
1486 4570 1556 4645 No.
1570 4570 1617 4644 IL
1668 4568 1857 4644 schedula
1883 4567 1933 4641 ad
1955 4569 2095 4642 calcem
2109 4573 2264 4667 papyri

416 4685 568 4783 depicta
601 4710 687 4761 cum
719 4688 932 4763 vocabulis:
974 4686 1069 4785 door
1095 4686 1220 4785 uipov,
1255 4701 1353 4764 teste
1379 4688 1627 4779 Buttmanno,
1660 4699 1750 4762 tunc
1775 4688 1963 4782 temporis
1995 4685 2263 4766 bibliothecae

412 4805 627 4901 praelecto,
653 4804 839 4881 soluenda
857 4831 1006 4906 papyro
1027 4809 1067 4882 in
1096 4808 1226 4882 medio
1254 4808 1450 4888 volumine
1473 4818 1628 4904 reperta
1648 4803 1744 4883 tuic'
1783 4805 1896 4881 Hunc
1921 4803 1972 4880 ad
1994 4805 2151 4880 titulum
2168 4828 2264 4903 per·

416 4923 513 4994 tinet
536 4923 733 5020 specimen
750 4923 815 4999 ΙΙΙ.
842 4925 926 4999 Vol.
940 4925 968 4999 Ι.
994 4947 1031 5022 p.
1047 4930 1226 5003 274-36.
