4568 6076
1104 528 1667 608 mii-uu,

391 745 699 846 magnitudinem
719 759 760 822 et
783 739 1011 844 mutuum
1025 741 1128 818 nibil
1145 736 1315 833 curabat,
1341 741 1456 840 qood,
1482 733 1931 841 quantlaestmnandum
1947 743 2010 831 sit,
2041 742 2072 816 li
2091 741 2230 833 dicant,

394 868 461 962 qui
482 866 599 943 unius
629 864 820 964 opusculi,
853 864 899 936 iu
921 881 995 958 quo
1020 881 1174 934 omnem
1203 881 1360 957 operam
1388 861 1594 949 collocent,
1627 855 1880 934 meditatione
1910 857 2088 934 beantur.
2151 857 2228 936 vix

345 1059 349 1078 q
395 1001 441 1056 ac
462 1001 513 1056 na
535 984 610 1059 vix
630 979 785 1077 quidem
803 977 1100 1058 rsconualuerat
1121 993 1258 1075 corpus
1284 1000 1307 1052 e
1328 975 1465 1051 morbo
1484 977 1552 1050 illo
1575 976 1835 1066 atrocissimo,
1865 991 2007 1072 quam,
2045 995 2145 1074 quae
2169 973 2229 1050 de·

395 1119 473 1171 nuo
497 1105 645 1192 ageret,
679 1093 851 1169 breuiter
876 1095 937 1170 bis
962 1095 1084 1168 literis
1110 1095 1378 1192 'pmlitmeturr
1415 1090 1571 1183 ,Meso
1599 1091 1849 1166 Vcrnrles'tes
1871 1088 1961 1164 sind
1995 1097 2035 1188 l)
2057 1115 2149 1165 zm
2176 1091 2228 1167 lt

396 1211 494 1304 boll,
523 1217 568 1311 2)
581 1211 767 1310 Propera,
797 1216 840 1309 3)
855 1209 1024 1288 maala
1039 1209 1134 1284 aaut
1143 1201 1332 1304 Aquas
1353 1211 1450 1304 (war
1466 1207 1569 1282 narb
1586 1209 1710 1282 aeirem
1720 1229 1825 1304 ganz
1844 1209 1981 1304 eogaen
1994 1207 2121 1281 Plane
2138 1209 2231 1283 mid

253 1335 260 1344 '
393 1330 478 1404 ond
496 1326 717 1402 subrecta
729 1321 877 1400 Puncta
896 1324 1221 1424 ofiders'cbtrgen,
1249 1325 1311 1422 oft
1328 1349 1404 1402 neu
1423 1323 1664 1399 mmmm
1677 1325 1775 1423 soll),
1813 1329 1857 1422 4)
1878 1348 1929 1396 zu
1947 1321 2141 1397 Hesiodus
2155 1323 2231 1398 aad
2275 1420 2276 1423 Ἴ

397 1446 460 1522 dic
479 1436 614 1519 Poebic
634 1442 717 1516 aad
733 1443 870 1518 colar
884 1444 958 1518 der·
974 1441 1165 1516 Grrbcbcrr
1176 1439 1243 1516 illo
1260 1461 1377 1530 aeuo,
1409 1447 1451 1539 b)
1473 1439 1723 1541 asograplta
1733 1440 1924 1538 sabuloso
1951 1439 2153 1534 (bBrirsde
2165 1443 2233 1515 mit

397 1561 541 1661 Atlas),
573 1579 680 1634 wazo
701 1561 772 1634 der·
792 1569 891 1635 erote
910 1558 1030 1633 uana
1055 1559 1110 1632 im
1128 1553 1181 1632 M
1186 1557 1226 1630 S.
1243 1559 1375 1654 sera'g
1393 1557 1521 1655 liegl),
1558 1561 1602 1654 6)
1627 1551 1854 1657 deograpbs'
1870 1556 2023 1630 vGraeci
2043 1567 2087 1628 et
2105 1553 2233 1632 Latini

396 1679 564 1752 nuberes
589 1677 661 1777 (12
673 1683 785 1750 -ll
797 1675 936 1752 uanae
951 1675 1022 1746 mil
1042 1671 1185 1770 Atlas),
1222 1677 1264 1770 7)
1283 1671 1522 1770 Mptbelogc'e
1551 1673 1623 1745 der
1643 1672 1775 1762 Iader,
1797 1671 1938 1746 Perses·
1963 1673 2158 1766 (morabar
2174 1671 2230 1746 ici

398 1793 492 1870 bald
513 1803 627 1868 etwas
646 1791 842 1867 ecbrer'len
860 1789 1003 1887 werde)
1031 1790 1222 1888 Aegypta·
1249 1788 1420 1882 (dealab
1449 1789 1512 1862 die
1540 1787 1744 1862 omnmo.
1766 1788 1877 1862 bobr.
1899 1787 2131 1884 Ebrsebuw
2155 1787 2231 1864 ond

387 1909 669 2006 Bnldeclrung,
699 1933 766 1984 um
788 1907 850 1982 die
865 1905 1120 2002 ritmolmag
1146 1906 1228 2001 aad
1243 1904 1529 1978 Grc‘ccbenlood
1545 1904 1630 1978 und
1652 1904 1797 1979 Italian
1818 1907 2031 2004 affimaisb
2062 1903 2148 1977 und
2171 1930 2230 1978 ne·

397 2031 508 2127 golia
531 2025 745 2102 ordenlb'cb
760 2027 975 2100 bestimmten
987 2045 1037 2094 zo
1050 2021 1234 2119 kam),
1265 2027 1309 2119 8)
1328 2021 1499 2094 Graecia
1516 2021 1701 2118 aab'quo,
1724 2027 1770 2118 9)
1792 2021 2008 2096 Thesaurus
2024 2019 2229 2122 geogr-opis

399 2155 471 2219 oct.
492 2135 764 2242 aexicaliscb),
803 2147 872 2239 10)
892 2139 940 2212 dc
961 2147 1048 2212 arte
1064 2137 1204 2210 aerea
1217 2133 1251 2210 Ι.
1264 2135 1375 2210 all.
1399 2129 1592 2233 (blateret
1611 2135 1727 2236 bold).
1785 2138 1969 2236 Spdleres
1991 2179 2046 2194 —-
2079 2135 2155 2210 leba
2172 2135 2230 2211 iel

402 2263 510 2335 darm
527 2257 626 2332 nocis
653 2273 719 2316 -’
734 2256 815 2332 will
830 2255 893 2331 iob
914 2253 1024 2328 nr'clrt
1040 2263 1223 2326 neuma!
2210 2339 2212 2343 Ι

517 2374 728 2466 Quominus
758 2375 982 2470 incorrupta
1013 2371 1180 2444 sanitate
1210 2381 1312 2460 erat,
1340 2391 1388 2445 eo
1409 2373 1532 2467 magis
1555 2370 1771 2446 constantia
1793 2367 2026 2446 admiranda
2047 2383 2125 2462 est,
2161 2379 2231 2470 qua

402 2495 600 2569 literarum
623 2475 752 2565 studia
775 2489 969 2562 tractauit.
1026 2485 1087 2560 Ab
1108 2486 1403 2561 haemorrhoida
1424 2490 1527 2562 enim
1547 2487 1734 2588 perennia
1756 2488 1794 2560 ei
1814 2489 1977 2562 mala-et
1992 2485 2231 2562 incommoda

402 2609 676 2712 nascebantur,
706 2607 881 2680 maxime
903 2625 1026 2680 verno
1054 2614 1094 2674 et
1115 2604 1347 2677 auctumnali
1373 2616 1566 2702 ternpore,
1593 2626 1668 2700 quo
1696 2604 1903 2701 praecipue
1927 2603 2130 2679 laborabat
2151 2603 2230 2678 aluo

402 2746 619 2821 suppressa.
678 2705 803 2818 Atque
829 2719 927 2792 adeo
940 2717 1123 2794 variabat
1141 2709 1225 2812 elus
1247 2719 1451 2809 valetudo,
1481 2731 1526 2796 vt
1547 2743 1626 2795 vna
1647 2718 1711 2806 die
1734 2741 1834 2792 nunc
1853 2719 2031 2818 palleret,
2059 2741 2164 2794 nuuc
2186 2719 2233 2792 al·

402 2839 596 2928 besceret,
624 2859 726 2911 nunc
745 2835 917 2931 Vndique
937 2833 1179 2908 erubesceret
1200 2833 1320 2906 facies
1342 2835 1458 2908 modo
1482 2857 1567 2908 cum
1589 2833 1722 2908 dolore
1742 2837 1893 2934 capitis,
1921 2835 2035 2909 modo
2050 2857 2139 2909 cum
2151 2857 2231 2932 per·

404 2955 507 3030 fecta
529 2955 708 3028 sanitatis
731 2953 925 3050 opinione.
994 2945 1173 3044 Corporis
1195 2949 1454 3024 conditionem
1476 2951 1692 3046 negligebat
1713 2946 1830 3050 'atque
1861 2953 1996 3025 amicis
2026 2951 2230 3050 reponebat

268 3055 272 3060 ’
404 3072 546 3148 verba:
584 3069 662 3158 „So
684 3077 809 3142 setzen
830 3068 902 3140 coir
924 3065 995 3137 dcc
1011 3063 1138 3137 Lelos
1158 3065 1239 3153 esis,
1266 3089 1332 3138 um
1354 3089 1392 3138 es
1411 3089 1461 3138 zo
1477 3069 1710 3162 goetiam
1764 3067 1897 3159 Vitae,
1928 3059 2043 3166 quam
2065 3065 2229 3162 degebat,

404 3187 499 3261 baec
524 3198 608 3260 erat
630 3186 742 3260 ratio.
809 3181 918 3257 Hora
946 3181 1112 3280 septime
1142 3182 1436 3280 expergefactus
1468 3182 1518 3255 ad
1545 3184 1750 3258 lectionem
1778 3183 1982 3274 librorum,
2020 3186 2087 3280 qui
2110 3187 2227 3282 cipro

405 3287 620 3377 studiorum
639 3303 790 3375 ratione
811 3297 1004 3372 tractandi
1027 3308 1155 3383 erant,
1182 3309 1296 3392 atquc
1320 3297 1370 3370 ad
1393 3299 1550 3372 breuem
1565 3301 1782 3374 scholarum
1798 3299 2062 3374 habendamm
2078 3317 2228 3400 praepa

404 3421 597 3492 rationem
620 3439 663 3488 se
687 3412 920 3520 conferebat.
979 3408 1148 3484 Coenam
1170 3410 1326 3485 breuem
1350 3424 1390 3485 et
1408 3413 1613 3508 frugalem,
1641 3417 1683 3488 in
1705 3437 1781 3512 qua
1805 3416 2025 3490 abstinebat
2047 3439 2072 3490 a
2088 3417 2181 3493 vino
2195 3419 2243 3487 at'

407 3534 594 3606 cereuisia
614 3543 654 3603 et
675 3543 769 3627 potu
791 3528 945 3615 Indico,
972 3526 1227 3621 aequabantur
1251 3529 1408 3624 repetiti
1429 3530 1580 3603 labores
1603 3543 1717 3628 atqua
1738 3531 1948 3606 ambulatio
1970 3533 2014 3606 in
2033 3530 2225 3619 suburbiis,

406 3649 467 3722 cui
492 3648 665 3744 quidem,
702 3646 780 3718 nisi
803 3644 902 3750 coeli
919 3655 1129 3750 tempestas
1158 3655 1198 3716 et
1228 3645 1350 3717 nimia
1377 3647 1531 3740 nogotia
1560 3646 1758 3736 obessent,
1793 3671 1912 3730 vnum
1941 3649 2078 3722 boram
2109 3647 2226 3722 dabat.

401 3761 634 3861 vespertino
653 3773 825 3857 ternpore
847 3781 967 3855 vsque
993 3755 1043 3830 ad
1064 3759 1199 3834 horam
1224 3760 1431 3834 secundam
1456 3774 1496 3834 et
1518 3766 1673 3838 tertiam
1691 3763 1797 3838 haud
1822 3775 1911 3839 raro
1934 3764 2014 3838 diei
2043 3761 2227 3862 sequentis

404 3881 633 3954 matutinam
657 3875 850 3951 scribebat
874 3885 941 3948 aut
964 3876 1007 3947 in
1026 3875 1217 3948 eiusmodi
1238 3875 1379 3952 studiis
1402 3890 1503 3968 erat,
1539 3901 1638 3975 quae
1661 3881 1903 3954 commotiori
1927 3882 2077 3970 animo,
2114 3879 2227 3957 vtiflt

405 4006 493 4091 post
508 3995 600 4067 solis
616 4016 804 4080 occasum,
834 3990 983 4064 felicius
999 3989 1222 4088 procedunt.
1281 3992 1560 4092 Nonnunquam
1576 3995 1734 4086 accidit,
1760 4007 1826 4085 vt,
1852 4019 1939 4071 cum
1953 3999 2107 4070 animus
2121 3995 2226 4070 nimir

406 4095 598 4182 excitatus
627 4095 748 4196 esset,
777 4129 933 4182 somnus
955 4118 1145 4197 cessaret3
1182 4126 1257 4201 quo
1280 4108 1395 4197 facto,
1423 4111 1562 4184 iterum
1586 4123 1699 4208 atque
1721 4114 1862 4187 iterum
1885 4133 2058 4209 egressus
2081 4137 2106 4186 e
2129 4113 2226 4197 lecto,

407 4223 638 4299 ambulando
663 4245 799 4320 corpus
823 4222 1009 4318 fatigabat
1035 4221 1270 4320 usquedum
1295 4225 1413 4315 oculi,
1444 4227 1546 4322 quod
1566 4227 1759 4304 interdum
1784 4228 1951 4304 diluculo
1974 4229 2131 4303 demum
2152 4238 2226 4301 orto

281 4425 283 4428 ,
376 4341 600 4454 eueniret,
633 4352 771 4440 sponte
799 4361 869 4412 sua
897 4337 1194 4413 occluderentur.
1263 4339 1370 4414 Nibil
1397 4340 1490 4431 fnit,
1528 4343 1630 4438 quod
1659 4347 1742 4420 eius
1771 4347 1878 4422 vitae
1909 4367 2025 4441 genus
2055 4354 2225 4419 mutaret

266 4461 268 4464 ’
404 4455 657 4552 Nonunquarn
689 4453 993 4552 conspiciebatur
1022 4456 1065 4527 in
1094 4453 1224 4528 bortis
1244 4455 1406 4552 publicis
1432 4459 1593 4556 aliisque
1620 4463 1662 4536 in
1686 4462 1781 4536 locis
1805 4464 1998 4536 communi
2026 4459 2228 4545 saltationi,

403 4574 571 4669 potioni,
606 4572 673 4650 vel
703 4569 911 4670 epulationi
933 4571 1163 4667 patentibus,
1193 4582 1240 4647 vt
1265 4583 1415 4669 tempus
1443 4588 1584 4650 tereret
1605 4591 1831 4676 caperetque
1860 4599 2041 4652 sensuum
2073 4577 2229 4652 oblecta·

403 4700 546 4762 menta.
604 4688 710 4762 Vnas
733 4709 825 4762 suas·
844 4685 1004 4760 delicias
1032 4686 1235 4760 dictitabat
1258 4708 1328 4785 per
1357 4693 1484 4764 iocum
1513 4692 1671 4766 herbam
1694 4693 1950 4780 Nicetianam,
2018 4690 2117 4768 Cum
2141 4693 2231 4766 inui-

401 4808 587 4878 tationom
610 4805 660 4879 ad
684 4804 902 4878 conuiuium
926 4803 1083 4876 solenne
1107 4803 1448 4879 concelebrandum
1474 4807 1634 4882 honeste
1648 4822 1876 4906 nonposset
1890 4810 2089 4905 defirgere3
2132 4807 2234 4883 cede

367 4957 368 4960 κ
401 4919 468 4993 bat
491 4935 645 5020 tamque
671 4921 832 4998 festinus
855 4932 894 4993 ot
913 4921 1064 4992 iocosae
1087 4918 1224 4992 adorat
1243 4919 1409 5010 sodalis,
1443 4936 1488 5000 vt
1502 4947 1585 4997 curn
1603 4926 1779 5000 maxima
1797 4929 1968 5002 omnium
1985 4927 2237 5001 delectatione
