4636 6060
1132 527 1509 598 ...vr-

516 709 646 845 Scio,
676 737 759 828 hoc
781 738 1039 855 opusculum
1069 739 1198 824 valde
1225 738 1556 849 imperfectum,
1582 739 1797 826 mutilum
1815 749 2078 825 etmancum
2103 739 2250 851 atquc

402 892 732 980 incommodum
760 915 867 974 esse.
926 884 1049 974 Nihil
1076 886 1198 970 enim
1225 885 1275 971 in
1299 891 1354 970 eo
1379 897 1470 991 est,
1509 911 1595 996 quo
1620 897 1686 970 tot
1712 887 1867 998 papyri
1892 898 2023 997 atquc
2049 885 2254 999 inscrip-'

401 1043 543 1125 tiones
569 1040 691 1147 ipsae
719 1037 1011 1121 illustrentur.
1040 1083 1043 1088 ·
1069 1027 1285 1133 Quamuis
1304 1032 1360 1116 in
1384 1032 1712 1118 commentariis
1737 1032 2025 1146 Spohnianis,
2052 1057 2163 1142 quoe
2182 1035 2249 1118 ad*

400 1189 478 1270 has
515 1183 750 1268 duodecim
786 1181 953 1266 tabulas
983 1189 1201 1289 spectant,
1238 1178 1378 1263 multa
1406 1177 1737 1284 desiderentur,
1769 1180 1909 1264 multa
1936 1203 2092 1291 parum
2117 1191 2242 1264 recte

401 1330 602 1441 exposita
626 1329 884 1435 videantur3
912 1353 1001 1412 non
1026 1326 1157 1410 licuit
1185 1323 1321 1429 milri,
1348 1323 1439 1410 nisi
1463 1324 1684 1430 indicare,
1712 1325 1769 1410 ad
1793 1349 1901 1436 quos
1927 1325 2076 1412 litolos
2102 1326 2243 1437 petua

332 1563 336 1570 ,
400 1487 530 1561 neant
565 1475 740 1587 singula
775 1475 854 1559 illa
889 1472 1269 1583 interpretationis
1307 1472 1554 1582 specimina
1594 1471 1643 1556 in
1674 1472 1820 1582 primo
1851 1472 2088 1561 volumine-
2102 1473 2242 1579 estu,

400 1621 647 1732 suppressis
674 1622 877 1705 omnibus
899 1620 1013 1704 meis
1040 1605 1436 1703 obseruationibus.
1470 1727 1472 1736 y
1495 1618 1687 1702 Multum
1710 1619 1927 1736 iuuasset,
1941 1661 1943 1666 ¹
1956 1621 2153 1734 singulas
2171 1623 2252 1707 ira-¹

400 1769 663 1877 scriptiones
676 1767 984 1906 ⁸Aegyptiacae
1010 1765 1060 1848 in
1088 1761 1323 1874 particulas
1353 1789 1453 1848 suas
1477 1765 1682 1849 diuidere
1708 1777 1845 1878 atque·
1861 1767 1926 1850 ita
1954 1767 2099 1853 denuo
2131 1791 2243 1855 con-

400 1915 617 2017 scribere,
645 1925 695 1998 vt
724 1912 912 2024 quoduis
941 1909 1209 1998 vocabulum
1230 1931 1355 1995 suam
1381 1899 1531 1996 secum
1558 1909 1737 1997 haberet
1763 1925 1808 1996 et
1822 1913 2241 2021 pronunciationem

400 2075 444 2144 et
477 2059 823 2144 translationem.
879 2059 1079 2143 Maxime
1113 2061 1219 2141 v'cro
1256 2057 1496 2141 dolendum
1524 2069 1613 2158 est,
1651 2060 1699 2141 in
1728 2058 1878 2143 indice
1908 2061 2247 2170 rumbolorum,

399 2207 641 2298 formarum
667 2205 1089 2317 grammaticalium,
1117 2203 1401 2287 numerorum
1423 2213 1469 2286 ct
1496 2201 1746 2310 literarum,
1775 2230 1886 2316 quas
1921 2207 2073 2292 beatus
2097 2207 2248 2318 Spah-v

399 2353 500 2437 nius
530 2351 770 2459 explicuit,
797 2351 1009 2437 vocabula
1035 2349 1276 2460 literasque
1293 2347 1582 2460 Aegyptiacae
1599 2350 1704 2435 addi
1719 2377 1807 2436 non
1822 2351 2032 2461 potuisse.
2092 2349 2244 2454 Quare

399 2500 477 2611 qui
513 2497 645 2580 altius
679 2498 728 2582 in
743 2498 1029 2581 ‘literaturam
1055 2495 1371 2606 Aegyptiacam
1408 2495 1635 2605 inquirere
1666 2495 1868 2599 student,
1903 2498 1953 2581 id
1988 2513 2137 2614 agant,
2172 2515 2241 2610 ut,

399 2641 704 2753 comparandis
747 2642 1114 2752 inscriptionibus
1155 2659 1257 2724 cum
1293 2640 1623 2730 commentariis
1656 2640 1941 2751 Spohniom's,
1981 2657 2048 2734 tot
2083 2648 2242 2736 literas

398 2789 690 2902 Aegyptiacos
710 2813 801 2897 wpro
830 2811 919 2872 uno
952 2785 1165 2872 vocabulo
1195 2797 1392 2890 sument,
1424 2801 1529 2896 quot
1557 2788 1719 2872 letinae
1745 2788 1794 2872 in
1823 2795 2239 2881 commentatione

398 2936 626 3048 periantur
660 2933 935 3018 coniunctae.
992 2927 1091 3032 Qua
1124 2931 1173 3016 in
1207 2955 1258 3016 re
1287 2929 1481 3038 iuuabit,
1519 2935 1754 3020 obseruare
1781 2935 2037 3050 intervalla,
2075 2943 2240 3054 quibus

399 3081 569 3168 scribae
593 3079 855 3193 Aegyptiaci
881 3079 970 3189 ipsi
996 3079 1208 3164 vocabula
1232 3078 1350 3163 inter
1375 3103 1424 3162 se
1453 3079 1780 3187 distinxerunt,
1819 3095 1949 3195 atque
1976 3099 2243 3200 comparare

398 3233 516 3316 inter
542 3253 590 3312 se
617 3227 754 3312 verba
782 3227 879 3337 plus
906 3227 1045 3310 semel
1068 3225 1117 3310 in
1146 3225 1301 3310 eadem
1328 3225 1618 3334 inscriptione
1646 3230 1935 3317 occurrentia.
1993 3229 2092 3336 Quo
2109 3235 2242 3325 dacto

398 3387 519 3463 recte
544 3371 737 3457 iudicari
765 3371 929 3482 poterit
957 3372 1014 3454 de
1042 3369 1290 3476 vocabulis,
1321 3370 1478 3456 formis
1506 3373 1929 3486 grammaticalibus,
1957 3385 2156 3468 numeris
2175 3399 2249 3470 ate

397 3547 484 3633 que
510 3518 654 3605 literis
686 3518 911 3624 omnibus,
941 3543 1126 3627 quarum
1153 3528 1415 3627 potestatem
1440 3517 1661 3628 Spohnius
1688 3520 1874 3607 definire
1902 3528 2087 3614 studuit.

514 3661 667 3751 Missis
702 3661 773 3746 his
811 3664 938 3748 vitiis
971 3664 1078 3748 lieet
1105 3664 1405 3777 grauissimis,
1439 3689 1591 3774 spero,
1626 3664 1743 3750 hunc
1771 3671 2056 3777 prodromum
2081 3679 2242 3764 multis

398 3839 543 3925 neque
575 3810 780 3894 inutilem
814 3835 956 3921 neque
991 3812 1215 3924 ingratum
1249 3812 1360 3897 fore.
1431 3811 1580 3895 Habes
1616 3813 1741 3897 enim
1769 3815 1860 3901 iam
1889 3831 2061 3926 tecum,
2075 3865 2080 3874 ·
2096 3821 2252 3912 lector

252 4005 255 4014 ·
398 3956 632 4060 benevole,
663 3953 1023 4044 bibliotheculam
1055 3960 1274 4070 quondam
1299 3957 1613 4068 Aegyptiarum
1641 3977 1816 4044 summa
1838 3985 1943 4048 curo
1967 3967 2242 4080 descriptam

399 4127 656 4212 summaque
679 4101 768 4186 fide
805 4103 999 4216 dignam.
1053 4101 1327 4215 Quamquam·
1361 4105 1572 4214 exempla
1608 4105 1881 4218 Aegyptiace
1917 4111 2114 4221 plurima
2142 4118 2243 4207 iam

398 4251 660 4363 prodierunt
695 4262 846 4335 nostra
879 4263 1044 4356 aetate,
1081 4251 1254 4336 nullum
1286 4264 1433 4336 tamen
1465 4251 1565 4336 vidi
1592 4253 1704 4337 bene
1729 4266 1775 4340 et
1802 4241 2004 4343 accurato
2034 4253 2238 4376 descrip-

397 4412 508 4484 tum.
567 4390 664 4495 Quo
705 4419 763 4482 ex
800 4421 962 4511 genere
991 4405 1054 4504 :ne
1077 4395 1230 4504 excipi
1258 4397 1439 4508 quidem
1468 4409 1633 4511 potest,
1660 4425 1742 4508 pm
1767 4402 1918 4510 dolor,
1951 4417 2247 4533 vqoutogma·

398 4543 487 4655 pha
513 4543 802 4646 conuincunt,
833 4569 946 4655 opus
972 4542 1348 4653 elegantissimum
1378 4556 1423 4627 ct
1446 4545 1819 4655 pretiosissimum
1848 4577 1876 4635 a
1902 4552 2111 4639 societate
2132 4557 2242 4644 lite·

398 4689 517 4776 raria
541 4689 817 4775 Londinensi
846 4690 1040 4794 editum,
1071 4689 1145 4772 cui
1172 4689 1328 4784 titulus
1356 4700 1425 4775 est
1446 4691 1805 4805 Ha‘eroglppla‘co.
1863 4692 2125 4811 Quicunque
2144 4731 2241 4794 non

399 4838 492 4920 suis
535 4835 675 4920 oculis
721 4834 874 4918 titulos
918 4834 1213 4948 Aegyptiacos
1256 4836 1421 4923 iterum
1466 4837 1715 4949 iterumque
1748 4840 2006 4928 lustrauerit
2041 4873 2123 4932 nec
2155 4877 2265 4942 sua.

399 5001 531 5066 manu
561 4982 725 5064 centies
753 4981 929 5067 easdem
955 4983 1106 5067 literas
1134 4955 1418 5095 exprimendi
1445 4983 1693 5093 periculum
1717 4986 1892 5091 fecerit,
1923 4992 2241 5111 euminscrip·
