4568 6076
772 539 1179 614 -2i.·...';..

48 751 255 849 praecipue
277 745 379 846 apud
394 739 686 843 antiquissimos
708 745 883 846 populos,
897 735 1019 821 indos
1033 735 1143 836 dico,
1170 739 1307 820 l’crsas
1328 733 1606 850 et'hegyptios,
1630 745 1770 826 clarius
1786 755 1890 827 cerni
2022 837 2026 848 ¹

49 880 230 962 possunt,
258 863 705 963 quamapudreliquos,
735 881 848 960 qnam
870 861 1023 978 diuerso
1042 863 1158 937 modo
1174 861 1223 934 ab
1247 863 1304 936 his
1328 866 1423 960 ipsis
1442 881 1530 939 sunt
1553 889 1667 941 sensu
1690 859 1798 964 quasi
1822 877 1892 942 ex-

52 996 165 1078 cepta
183 995 236 1055 ret¹
256 981 396 1056 deinde
424 977 616 1052 tractatui
639 1007 711 1036 --·
746 979 850 1054 Num
868 990 1044 1076 possunt
1072 979 1130 1068 hi,
1171 980 1235 1074 qui
1257 977 1476 1074 Neptunum
1510 1005 1531 1051 e
1554 983 1698 1075 Lybie,
1735 985 1891 1074 Panem,

53 1096 267 1187 osiridem,
305 1097 449 1170 Isidem
484 1107 524 1167 et
551 1096 629 1168 alia
657 1097 817 1168 numina
848 1095 896 1168 ab
922 1095 1145 1191 Aegyptiis,
1181 1094 1390 1184 Venerem,
1425 1093 1657 1185 Vulcanum,
1688 1097 1895 1190 Bacchum,

51 1213 163 1286 alios
175 1215 227 1286 ah
248 1215 334 1286 aliis
364 1223 591 1328 acceperant
617 1213 788 1308 populis,
825 1233 911 1284 cum
945 1212 1020 1282 illis
1045 1211 1182 1284 eodem
1204 1211 1337 1284 haberi
1360 1211 1576 1284 cencul-a-
1574 1211 1763 1284 Maiore
1794 1237 1891 1311 opus

49 1341 113 1402 ost
128 1332 317 1414 cautione,
342 1349 391 1398 ne
410 1329 537 1398 oram
567 1325 769 1399 corrudam
788 1325 931 1424 populi
950 1324 1099 1398 fabulas
1124 1347 1179 1398 cx
1200 1325 1339 1398 iisdem
1355 1326 1493 1424 aliquis
1506 1337 1671 1425 repetat
1681 1329 1891 1444 originibus

48 1457 104 1517 et
115 1446 352 1518 caussis.-
389 1441 446 1514 Vt
462 1441 512 1516 ad
533 1442 650 1515 Indos
678 1453 862 1528 reuertar,
893 1435 1106 1539 Aegyptios
1126 1451 1171 1513 et
1193 1437 1342 1529 Persas,
1372 1464 1420 1513 na
1448 1442 1583 1515 horum
1610 1441 1765 1538 quidem
1790 1441 1891 1516 com-

48 1571 193 1634 menta
207 1570 370 1656 possunt
392 1559 449 1630 ita
459 1559 679 1654 explicari,
711 1569 756 1631 vt
777 1556 882 1656 apud
901 1555 1064 1644 eundem
1087 1557 1271 1652 populum
1295 1579 1349 1629 ex
1375 1557 1511 1630 eodem
1537 1557 1644 1630 sonte
1660 1559 1789 1630 ornnia
1804 1579 1892 1656 pro-

46 1675 215 1750 fluxisse
239 1673 449 1748 sumamus.
472 1683 537 1730 -'
584 1671 726 1768 Neque¹
742 1665 943 1744 dissimilis
959 1682 1005 1744 'ct
1031 1671 1192 1744 historia
1214 1674 1413 1745 numinum
1435 1667 1698 1769 Aegytiorum.
1766 1671 1891 1762 Quum

49 1791 159 1863 enim'
181 1788 385 1860 Thebanus
399 1787 535 1861 ·Amun
562 1789 704 1860 sensim
727 1789 873 1884 primas
899 1780 1044 1884 partes'
1059 1786 1308 1882 Memphitica
1330 1787 1473 1877 Phtha‚
1509 1779 1572 1861 hic
1592 1801 1689 1866 ve'ro
1710 1789 1892 1863 Alexan-

51 1905 165 1979 drino
187 1903 323 2000 Serapi
347 1906 524 1994 cesserit,
554 1905 595 1975 in
616 1903 743 1998 prima
760 1913 893 1976 ‘autem
924 1904 993 1975 illa
1021 1902 1196 1976 doctrina
1216 1893 1450 1999 Aethiopum
1472 1915 1512 1976 et
1531 1904 1733 1994 Indorum,
1766 1908 1808 1979 in
1832 1929 1889 1978 se·

51 2020 179 2094 cunda
201 2018 454 2108 Phoenicum,
484 2021 526 2123 in
550 2021 689 2094 ultima
709 2039 814 2092 vero
828 2027 908 2090 tum
932 2019 1117 2107 aliorum,
1144 2030 1225 2091 tum
1241 2009 1475 2093 Graecorum
1498 2021 1561 2096 vis
1585 2031 1624 2094 et
1653 2019 1889 2096 momentum

51 2137 341 2232 conspiciatur,
358 2137 443 2229 quis
467 2137 638 2230 est,'·qui
662 2154 741 2207 non
761 2133 924 2223 sentiat,
951 2133 1195 2208 nullomodo
1219 2134 1382 2210 eandem
1414 2129 1590 2210 omnibus
1613 2139 1703 2212 illis¹
1717 2159 1801 2211 esce
1816 2140 1892 2213 ori··

51 2249 206 2346 gincml
230 2293 282 2306 --
309 2252 406 2323 lam
422 2253 489 2327 via
504 2251 654 2324 munita
668 2260 728 2323 est
742 2248 791 2321 ad
809 2251 1075 2344 grauissimam
1091 2250 1226 2344 legem,
1253 2252 1579 2345 quae'cauendum
1595 2274 1679 2326 esse
1695 2254 1813 2342 iubet,
1840 2265 1892 2327 nc‘

50 2389 174 2442 vnam
202 2365 442 2462 eandemque
471 2366 640 2440 fabulam
668 2367 832 2456 omnino,
860 2376 900 2436 et
930 2387 1001 2463 pro
1028 2361 1212 2440 v'nluerso
1234 2363 1380 2438 ambitu
1404 2365 1486 2438 eius
1513 2379 1891 2462 commentorumquo

50 2484 281 2580 complexu,
313 2495 427 2580 atque
455 2505 527 2581 pro
549 2483 671 2557 variis
698 2480 853 2568 formis,
865 2481 994 2554 licct'
1010 2480 1061 2554 ad
1076 2467 1078 2472 ¹
1091 2480 1264 2554 eundem
1277 2482 1470 2575 pertineat
1493 2482 1694 2578 populum,
1729 2505 1784 2556 ex
1812 2503 1891 2558 viro

49 2599 262 2696 eodemque
292 2597 398 2670 lonte
425 2608 655 2698 repetamus.
674 2637 726 2652 -·-
765 2594 986 2692 Quicunque
1022 2596 1192 2688 fabulam
1219 2597 1388 2692 aliquam
1417 2599 1630 2684 accuratius
1661 2597 1778 2678 suerit
1803 2621 1891 2692 con

47 2716 278 2812 templatus,
302 2713 487 2810 videbit'
474 2737 601 2788 messe
623 2714 732 2812 quasi
753 2724 937 2810 punctum
959 2712 1152 2810 quoddam
1175 2712 1381 2786 modium
1368 2735 1409 2786 ιιι
1433 2723 1514 2818 toto
1537 2713 1704 2803 ambitu,
1732 2713 1859 2809 quod
1847 2737 1890 2790 ιιι

48 2831 183 2904 circuli
204 2832 323 2922 ligura
344 2827 479 2924 g'raeco
499 2829 686 2907 vocabulo
708 2854 857 2934 κινιρον
878 2841 1032 2916 vocant,
1060 2828 1110 2901 ad
1134 2828 1237 2925 quod
1256 2828 1387 2902 media
1407 2840 1461 2906 et
1468 2811 1646 2904 extrema
1661 2829 1889 2904 referantur.
1954 2929 1957 2932 ¹

48 2945 135 3020 Hoc
162 2947 326 3014 autem
314 2969 441 3040 ipsum
461 2948 503 3020 in
529 2947 721 3043 plerisque
752 2969 829 3020 non
864 2945 961 3017 adeo
993 2946 1147 3052 clarum
1172 2955 1233 3016 est
1259 2957 1372 3041 atque
1397 2945 1661 3042 perspicuum,
1698 2958 1743 3020 vt
1762 2946 1889 3042 primo

50 3062 188 3136 obtuto
209 3060 332 3153 possit
353 3063 540 3132 comi.—
599 3063 761 3134 llemota
778 3061 881 3132 illa·
868 3060 1057 3150 imagine,
1093 3069 1274 3154 apparet,
1303 3057 1436 3130 sedulo
1463 3081 1547 3132 esse
1572 3059 1804 3148 cauendum,
1840 3082 1890 3132 ne

53 3175 306 3272 decipiamur
325 3197 391 3263 eo,
428 3174 530 3271 quod
558 3198 653 3248 vcro
682 3185 723 3248 ct
748 3173 1009 3272 antiquissime
1033 3171 1190 3246 fabulae
1221 3173 1466 3266 significatio,
1504 3173 1712 3248 leuioribus
1745 3177 1890 3272 partim

54 3291 234 3376 ιιιιιιιιιίι,
259 3293 402 3384 partim
426 3289 590 3379 additis,
621 3313 706 3363 cum
728 3311 830 3364 noua
853 3289 1018 3386 quadam
1042 3289 1227 3361 coaluerit
1249 3288 1430 3376 conllata,
1461 3302 1529 3362 aut
1552 3313 1623 3388 per
1642 3297 1728 3363 eam
1750 3292 1801 3362 sit
1825 3275 1907 3364 ob?

55 3417 219 3480 scurata.
247 3447 300 3461 -
360 3405 406 3476 ld
429 3407 606 3500 inprimis
640 3404 852 3477 cauendum
881 3405 1004 3474 estin
1030 3402 1195 3476 Osiridis
1220 3415 1266 3476 et
1291 3403 1407 3476 Isidis
1435 3405 1585 3477 ratione
1615 3406 1718 3501 apud
1737 3404 1891 3504 Aegyp-

55 3525 152 3611 tios,
185 3520 352 3594 Mithrae
383 3518 486 3618 apud
518 3519 657 3593 Persas
688 3532 802 3616 atque
831 3518 1032 3606 Mercurii,
1068 3516 1266 3607 Herculis,
1308 3517 1503 3618 Apollinis
1536 3530 1576 3593 ot
1597 3522 1760 3596 aliorum
1784 3519 1889 3621 apud

57 3641 230 3740 Graecos
254 3649 293 3708 et
311 3639 504 3710 Romanos
526 3635 756 3709 illustranda
777 3644 816 3707 ct
837 3633 1115 3731 explicanda.“
1143 3631 1293 3706 Cetera.

164 3749 246 3850 llic
270 3775 392 3827 annus
415 3763 495 3839 est,
532 3773 606 3847 quo
629 3763 716 3848 post
737 3760 795 3824 tot
819 3750 1056 3840 saeculomm
1086 3748 1307 3839 decursum,
1338 3758 1397 3821 tot
1412 3749 1658 3823 eruditorum
1684 3749 1889 3848 frustratas

53 3865 359 3943 machinationes
378 3865 536 3940 tandem
559 3868 639 3941 lun⁴
652 3867 794 3940 alluisit
816 3867 940 3938 literis
961 3860 1240 3962 Acgyptiorum
1266 3875 1459 3956 veterum3
1498 3865 1578 3955 hic,
1619 3888 1693 3962 quo
1716 3865 1904 3960 Sroflnu

54 4007 195 4058 nomen
218 3985 358 4057 certius
386 3984 670 4056 immortalitati
700 3981 1007 4055 commendatum
1029 3991 1100 4052 est.
1143 3979 1318 4070 Nescio,
1347 4003 1421 4077 quo
1444 3992 1618 4080 tempore
1643 3993 1777 4056 nactus
1803 3995 1888 4057 erat

54 4099 257 4197 exempla
269 4101 533 4196 inscriptionis
561 4099 794 4173 liosettanae
827 4098 988 4170 altemm
1012 4095 1198 4184 Londini‚
1238 4097 1423 4186 alterum,
1444 4098 1562 4195 'quod
1584 4098 1695 4193 longe
1725 4099 1886 4196 minoris

53 4215 168 4306 fecit,
194 4216 390 4289 Monachii
417 4233 615 4288 excusum.
671 4214 734 4290 Ad
764 4214 862 4286 hanc
887 4211 1040 4309 quidem
1066 4234 1150 4284 cum
1173 4212 1261 4284 aliis
1282 4210 1738 4313 Aegyptiorumscriptis
1761 4215 1888 4313 expli-¹

54 4333 219 4407 eandam
248 4332 324 4405 duo
353 4345 440 4414 eum
462 4325 694 4420 incitabant,
731 4330 807 4404 duo
829 4322 1080 4402 adiuuabant.
1133 4325 1295 4401 Viderat
1317 4329 1440 4418 enim,
1475 4351 1627 4402 omnem
1645 4333 1886 4427 antiquitatis

51 4451 311 4545 cognitionem
336 4446 602 4544 imperfectam
623 4468 708 4520 esse
736 4465 965 4540 omnemque
987 4443 1188 4516 historiam
1210 4453 1251 4515 et
1265 4443 1540 4537 mythologiam
1555 4447 1744 4542 inprimis,
1772 4459 1886 4545 quam

53 4587 127 4639 sua
155 4577 239 4639 arte
271 4545 512 4660 expetiturus
545 4573 646 4650 erat,
681 4563 869 4636 drictuaro
895 4561 977 4633 sine
1000 4558 1363 4656 interiori'Aegypti
1384 4557 1655 4654 intelligentia,
1699 4549 1903 4660 adquam

50 4683 211 4755 nonnisi
237 4683 280 4754 in
311 4678 483 4776 scriptis·
500 4680 758 4764 monumentis
788 4669 913 4750 huius
928 4677 1116 4766 nationis,
1158 4675 1396 4778 'Graecorum
1424 4675 1616 4772 quondam
1650 4679 1887 4772 aliorumque

48 4797 292 4892 magistrae,
308 4817 410 4868 nunc
430 4793 584 4890 quidem
608 4795 744 4868 lateret
767 4793 894 4866 aditus
922 4803 1059 4866 certus.
1122 4790 1327 4866 Praeterea
1349 4793 1448 4864 miro
1474 4792 1639 4888 quodam
1660 4793 1775 4865 modo
1798 4814 1885 4869 euni
1906 4891 1907 4894 Ν

46 4907 278 4998 alliciebant,
297 4931 591 5008 nouaquacque
613 4913 655 4986 in
680 4909 876 5008 republica
900 4893 1091 5000 literaria,
1121 4919 1234 5006 atque
1255 4919 1326 4996 ea,
1348 4929 1445 5005 quae
1468 4907 1536 4982 clii
1559 4907 1740 4984 ιιιιίιιιίι
1754 4909 1887 5002 grauia
2028 5007 2030 5014 Ι
