4568 6076
1093 539 1211 578 --
1286 507 1336 608 o
1411 545 1516 568 --

387 744 458 842 'gie
473 741 651 837 loquutur
667 739 746 812 est.
777 761 783 768 ·
804 693 899 804 iluhr
917 719 1296 823 dispertaret'lratine,
1313 715 1611 814 elegantissimis
1626 714 1756 798 verbis
1770 715 1951 797 itehalem
1960 723 2089 820 rieqae
2099 717 2235 820 {regei

388 859 464 936 eet
485 851 695 955 paullulum
718 842 957 942 haesitabat·-
982 837 1144 936 llapidi
1167 835 1342 910 fluminis
1355 837 1479 908 instar
1500 838 1624 909 eratin
1646 859 1667 908 e
1688 841 1842 933 pectere
1863 837 2088 935 profluebat,
2113 841 2233 914 -lnter

400 972 609 1068 eollequia,
639 968 680 1036 in
702 958 855 1055 quibus,
877 979 963 1028 eum
980 956 1154 1030 maxime
1173 951 1384 1040 ¹leruerent,
1412 961 1514 1024 totus
1530 952 1769 1042 monebatur,
1796 965 1907 1027 erant
1919 966 1959 1025 et
1975 953 2084 1046 v'ocis
2101 955 2232 1050 meda>

396 1089 494 1164 la'tie
517 1097 556 1157 et
577 1078 782 1157 verberum
808 1073 977 1150 delectas
1000 1082 1039 1142 et
1059 1071 1138 1144 eris
1159 1067 1427 1164 oculorumque
1452 1079 1565 1163 atque
1588 1069 1705 1140 tetius
1726 1065 1843 1141 faciei
1878 1069 2032 1142 habitus
2063 1069 2233 1144 merihca

390 1203 564 1303 quadam
587 1193 778 1268 suauitate
808 1189 962 1274 allecta,
996 1188 1053 1258 ita
1073 1195 1119 1260 vt
1138 1185 1267 1260 virum
1290 1184 1422 1255 nescio
1443 1205 1556 1278 quem
1578 1194 1753 1276 sanctum
1777 1184 1911 1256 aud'ue
1935 1196 1973 1256 et
1996 1175 2134 1274 sidere
2158 1209 2232 1272 cre·

400 1321 524 1394 dures.
580 1307 748 1386 Amabat
772 1305 955 1398 genuinas
975 1300 1180 1376 verberum
1199 1299 1494 1391 significationes
1512 1310 1625 1394 atque
1641 1298 1867 1372 facilitatem
1883 1299 2076 1373 dictionis.
2120 1299 2233 1384 ,Seri-

398 1429 516 1508 hendi
539 1431 675 1521 genus,
712 1419 813 1517 qued
834 1415 1029 1512 magit‘ad
1051 1412 1229 1492 Caesaris
1257 1413 1565 1511 simplicitatem,
1601 1436 1715 1509 quam
1740 1415 1847 1504 Liuii·
1865 1414 2044 1490 'l'aeitiue'
2073 1415 2233 1498 breuita-

399 1563 478 1628 tem
502 1554 541 1616 et
564 1538 760 1632 Ciceronis
783 1536 999 1634 ubertatem
1023 1529 1189 1634 accedit,
1218 1551 1297 1602 nnn
1312 1528 1445 1604 dubito
1465 1525 1593 1604 dicere
1612 1531 1866 1626 perspicuum,
1891 1552 2041 1626 purum,
2070 1523 2232 1626 eleganti

397 1661 616 1753 crebrisque
632 1651 837 1728 luminibus
861 1647 1095 1722 distinemur.
1119 1690 1121 1698 ι
1154 1645 1340 1738 Linguam
1357 1646 1544 1718 Graecam
1562 1644 1786 1734 adhibebat,
1801 1646 1953 1742 quande
1977 1669 2062 1720 eum
2079 1649 2231 1722 Graeelt

403 1772 687 1870 colloquebatur
709 1765 939 1870 vernaculae
957 1763 1108 1862 linguae
1132 1781 1268 1862 parurn
1290 1761 1430 1858 guaris,
1460 1761 1525 1860 qui
1539 1761 1787 1838 Germaniam
1807 1761 1970 1850 obirent,
1998 1775 2066 1836 aut
2082 1763 2234 1863 Lipsiae

404 1913 564 1993 operam
588 1887 724 1959 darent
744 1879 879 1956 literis,
1540 1953 1543 1962 ,
1829 1909 1832 1918 ,
2046 1929 2052 1944 .
2178 1935 2180 1942 .

262 2031 267 2038 ·
416 2055 421 2068 ·
522 2005 575 2079 At
605 2003 700 2074 haec
730 1997 885 2094 quidem
909 1995 1091 2071 sanmuro
1114 2015 1193 2068 non
1214 1993 1453 2090 sullcccrunt.¹
1520 1992 1692 2066 Maximi
1710 2015 1804 2068 sane
1833 1994 1995 2070 facimus
2020 1995 2232 2085 Erasmum,

404 2121 675 2206 Renchlinum,
713 2115 967 2207 scaligerum,
988 2101 1257 2200 ¹Sahnasium,
1293 2106 1584 2200 casaubonum,
1613 2108 1979 2200 Hemsterhaisium,
2013 2113 2131 2208 alies3
2173 2109 2232 2200 pi-

406 2241 486 2314 seio
509 2249 659 2326 tamen,
689 2253 739 2304 an
761 2229 1037 2323 mythologiam
1058 2228 1226 2320 gentium
1254 2211 1449 2313 veterum,
1478 2225 1767 2319 geographiam,
1794 2230 1913 2299 etiarn
1935 2227 2232 2322 arehaeoleg‘ram
2282 2265 2283 2308 3

305 2397 309 2402 ·
406 2353 684 2444 historiamque·
708 2344 807 2420 aden
834 2343 1026 2418 subtiliter
1055 2354 1096 2414 et
1116 2340 1284 2438 perfecte
1311 2339 1535 2429 didicerint,
1569 2352 1615 2416 vt
1639 2363 1724 2414 eum
1747 2340 1938 2416 srouure·
1957 2343 2061 2416 rc'cte
2077 2347 2234 2442 'compe
2282 2347 2283 2352 ’

406 2479 550 2545 rentur.
609 2461 735 2558 Atque
757 2461 902 2534 nolimu
924 2458 1006 2532 sere
1028 2459 1150 2534 aliam-
1167 2456 1432 2553 disciplinam,
1465 2478 1562 2552 quae
1586 2477 1671 2530 curn
1692 2456 1882 2532 honarum
1904 2459 2110 2534 literarum
2135 2460 2235 2534 intel·
2281 2431 2283 2588 ἓ

408 2583 565 2680 ligantia
578 2579 777 2664 cohaeret,
799 2598 878 2649 nnn
895 2576 1097 2672 quaesiuit.
1782 2603 1810 2642 ,-
2221 2623 2226 2636 ,
2280 2613 2283 2674 l

419 2743 426 2756 ·
488 2761 491 2784 .·
523 2697 619 2770 Eius
635 2693 777 2789 scripta
791 2702 942 2786 praeter
956 2689 1155 2782 ingenium
1167 2687 1428 2762 acutissimum
1445 2709 1634 2776 summam
1651 2689 1909 2784 diligentiam,
1934 2692 2035 2790 qued
2047 2695 2231 2788 peculiare

411 2813 573 2896 lrabeat,
610 2819 731 2904 atque
751 2804 982 2898 singularem
1004 2803 1218 2906 doctrinam
1238 2802 1417 2900 produnt,
1483 2804 1529 2876 ln
1560 2826 1655 2880 vcro
1685 2805 1932 2902 disquirendo
1948 2829 1952 2836 ¹
1967 2831 2013 2880 ne
2041 2810 2233 2882 leuissima

413 2926 566 3026 quidem
582 2921 807 3016 negligebat,
829 2929 1058 3013 argumenta
1075 2937 1244 3013 quaeque
1260 2918 1506 3014 expendebat
1523 2922 1751 3016 atque,'siue
1767 2921 1986 3016 probarent,
2015 2925 2098 2998 siue
2113 2911 2231 3022 repre

410 3045 550 3118 herent
578 3038 807 3112 sententiam
838 3035 1022 3130 aliqrmm,
1058 3032 1327 3121 enumerabat,
1365 3045 1449 3108 nec
1464 3033 1596 3123 facile,
1640 3058 1725 3130 curn
1749 3039 1787 3109 ei
1810 3040 2035 3112 escientiae
2063 3039 2229 3112 thesauro

412 3159 553 3254 vblque
578 3152 723 3249 aliquid
743 3162 899 3250 praesto
923 3160 1042 3237 esset,
1079 3150 1227 3222 incerta
1247 3160 1286 3220 et
1309 3147 1426 3222 dubia
1447 3150 1700 3246 relinquebat.
1765 3152 1868 3226 Hinc
1897 3155 2054 3244 accidit,
2089 3167 2136 3232 vt
2164 3154 2230 3226 lere

407 3294 609 3368 nunquam
621 3265 1015 3361 cogereturiudicium
1030 3276 1198 3350 mutare,
1233 3275 1346 3359 atqua
1362 3263 1454 3353 hec,
1484 3288 1567 3340 eum
1593 3289 1753 3364 semper·
1771 3266 1921 3342 desidia
1948 3283 1989 3342 et
2015 3257 2229 3366 negligentia

250 3409 255 3418 ·
414 3388 607 3472 subesset,
632 3403 703 3478 pru
724 3402 862 3472 magno
885 3379 1121 3452 eruditorum
1144 3377 1499 3452 dedecerehab‘uit.
1549 3379 1641 3469 ‘Quo
1662 3385 1783 3476 magis
1804 3387 1888 3482 ipse
1908 3388 2045 3459 critica
2065 3387 2227 3483 pollebat,

415 3521 462 3574 ee
486 3499 608 3592 magis
633 3495 807 3582 dolebat,
843 3515 930 3566 cnm
952 3491 1203 3568 diuinahcec
1225 3511 1287 3564 ars
1310 3491 1360 3564 ab
1384 3495 1548 3587 ingeniis
1570 3514 1713 3590 purumw
1730 3501 1812 3572 eius
1838 3501 2046 3597 ,capacibus
2075 3515 2140 3576 aut
2161 3497 2227 3572 las

416 3617 512 3690 ciuis
530 3614 781 3687 factitaretur.
817 3607 1007 3697 „Tantum
1020 3607 1173 3696 abere‘,
1203 3609 1339 3703 inquit,
1368 3621 1437 3697 „vt
1449 3621 1540 3706 pest
1554 3622 1663 3716 taeta
1677 3635 1910 3690 summorum
1927 3619 2101 3692 virerum
2117 3619 2228 3690 exani

415 3733 479 3830 pla
504 3741 545 3802 et
565 3735 812 3802 monumenta
836 3746 907 3800 ars·
926 3725 1059 3796 critica
1073 3722 1288 3819 prudenter
1314 3735 1354 3795 et
1376 3738 1485 3818 caute
1508 3749 1578 3800 uec
1602 3730 1678 3802 nisi
1702 3751 1726 3802 a
1753 3733 1887 3826 peritis
1918 3732 2034 3806 hodie
2067 3743 2227 3806 exercet

416 3861 498 3935 tur,
524 3857 569 3920 vt
590 3861 864 3938 saepenumero
888 3839 1109 3926 ire-libellis,
1137 3840 1202 3934 qui
1224 3841 1441 3913 criticorum
1464 3857 1557 3937 prae
1578 3865 1620 3914 sc
1645 3844 1772 3918 ferant
1794 3858 1834 3918 et
1855 3851 2226 3944 speciem-etnemen,
2274 3847 2275 3858 ’

419 3982 570 4046 summa
590 3959 677 4030 imis
701 3958 829 4029 mixta
859 3953 1152 4050 deprehendam·
1209 3954 1270 4027 lta
1294 3956 1336 4027 in
1355 3957 1427 4043 iis,
1465 3979 1561 4053 quae
1592 3981 1713 4054 nuper
1734 3960 1792 4034 de
1819 3961 1980 4037 Homeri
2015 3965 2226 4040 carminibus

420 4076 634 4169 conscripta
658 4083 765 4160 eunt,
794 4071 850 4145 sie
872 4069 1094 4167 disputatur.
1109 4070 1191 4142 sine
1215 4069 1417 4144 disseritur
1438 4075 1593 4167 petius,
1622 4096 1666 4146 ae
1689 4077 2085 4178 sinemequisquarn
2109 4092 2226 4156 morte

413 4193 514 4264 lium
536 4188 662 4262 sirnile
686 4185 898 4282 quidquam
917 4206 1086 4281 vnquem
1106 4203 1172 4256 ere
1190 4186 1393 4278 protulerit
1416 4209 1502 4276 sau,
1535 4202 1581 4262 vt
1602 4201 1682 4264 tum
1705 4193 1915 4268 nouissime
1937 4209 2048 4294 putes
2080 4201 2225 4282 iuuenta,

421 4327 517 4404 quae
538 4306 618 4376 inm
636 4303 690 4378 ab
712 4300 1049 4395 antiquiorihoset
1072 4321 1096 4372 a
1118 4301 1256 4396 priscis
1278 4301 1375 4378 adeo
1396 4305 1675 4396 grammaticis,
1703 4309 1847 4382 seilicet
1863 4313 1985 4408 rieque
2001 4313 2110 4388 leeris
2128 4331 2225 4410 neque

263 4487 278 4504 ,
420 4419 637 4505 intellectis,
663 4415 973 4491 manilettnsunt
987 4416 1145 4503 monita,
1173 4427 1256 4488 turn
1278 4439 1385 4512 quae.
1398 4419 1476 4490 iam
1499 4418 1650 4516 pridem
1671 4424 1888 4520 improbata
1908 4440 1948 4500 ct
1967 4430 2132 4524 explosa
2150 4437 2225 4508 sunt·

421 4535 593 4632 nondum
617 4532 738 4622 dicta,
765 4531 907 4610 nedum
930 4532 1096 4606 refutata
1118 4531 1363 4608 habeantur..
1402 4533 1447 4609 In
1470 4533 1605 4630 quibus
1631 4559 1733 4632 pene
1762 4543 1930 4631 nescias,
1964 4556 2097 4619 utrum
2119 4561 2223 4619 aaron

421 4655 548 4750 petius
571 4651 724 4722 mireris
746 4659 785 4720 et
809 4648 1004 4724 leuitatem
1026 4659 1066 4720 et
1085 4651 1340 4726 temeritatem
1358 4661 1397 4721 et
1416 4650 1692 4742 ignerantiam,
1717 4657 1793 4750 qui,
1819 4657 1916 4730 dum.
1932 4657 2038 4734 dorni
2054 4663 2128 4738 sibi
2144 4661 2224 4760 plut

422 4767 535 4858 dunt,
564 4762 756 4868 perituris
777 4764 1110 4860 percantaret
1138 4763 1305 4840 stultum:
1320 4787 1405 4842 esse
1436 4768 1600 4863 opinati,
1634 4771 1737 4846 leues
1760 4773 1950 4848 eiusmodi
1975 4775 2224 4853 uarietatem

425 4883 472 4960 de
496 4883 614 4957 rebus
635 4880 872 4975 grauissimis
895 4880 1112 4976 preferant,
1132 4901 1193 4951 an
1211 4903 1361 4980 eurum,
1389 4883 1452 4975 qui
1469 4880 1613 4972 ierant,
1641 4887 1721 4958 irne
1736 4887 1928 4966 laudent.“
1989 4891 2047 4965 Oh
2066 4919 2149 4968 eam
2163 4911 2224 4965 cae

424 5021 508 5073 ram
532 5002 671 5074 iterum
696 4997 911 5095 iterumque
935 4994 1142 5090 discipules
1170 4998 1337 5084 monuit,
1373 5008 1417 5073 vt
1433 5019 1479 5072 ea
1493 5000 1735 5093 potissimum
1763 5003 1839 5094 sihi
1861 5005 2044 5100 eligerent
2064 5024 2104 5086 et
2123 5028 2225 5105 seque
