4568 6076
746 523 1151 604 ...15-

57 731 257 839 Rusctta'na,
281 757 475 846 tarrrqu'am
497 745 762 837 fundamento,
786 748 939 830 initium
961 746 1105 820 iaceret
1120 739 1167 837 ²).
1218 744 1421 842 Inscriptio
1445 745 1654 826 Rosettsna
1678 750 1867 850 hierogly-

54 855 161 958 phice,
186 870 218 941 si
245 877 374 964 partes
397 867 581 963 abruptae
606 865 848 961 supplentur,
876 864 1036 939 totidem
1061 864 1142 936 lore
1168 862 1344 938 versibus
1365 878 1514 939 constet
1539 881 1652 968 etque
1676 868 1866 946 demotica
1896 897 1898 900 ·

53 977 249 1085 Graecaque
266 987 406 1064 versio.
457 983 563 1074 Quae
590 1003 705 1081 quum
725 982 961 1074 obseruaret3
988 983 1168 1072 coniecit,
1195 992 1275 1054 tum
1290 994 1483 1072 veterum,
1508 995 1588 1058 tum
1612 993 1866 1066 recentiorum
1959 1023 1966 1038 ·

44 1105 269 1198 opinionem,
292 1125 366 1202 qna
381 1102 650 1197 singulasigna
664 1099 949 1197 hieroglyphice
969 1101 1117 1195 singula
1131 1098 1317 1176 vocabula
1341 1100 1405 1176 vel
1428 1105 1604 1178 notiones
1632 1109 1866 1202 exprimunt,

34 1243 114 1295 csse
139 1223 294 1312 l'elsam;
333 1223 432 1307 imo,
465 1231 509 1294 vt
529 1222 569 1296 iu
598 1220 749 1315 scriptis
779 1220 973 1293 hieraticis
997 1231 1036 1291 et
1069 1218 1268 1292 demoticis
1298 1217 1452 1308 eccidit,
1482 1221 1593 1316 plura
1618 1225 1727 1318 signe
1746 1247 1866 1299 vnum

30 1339 255 1413 vocabulum
279 1339 502 1433 significare.
552 1336 705 1435 Itaque,
735 1349 779 1411 vt
800 1348 1071 1427 consueuerat,
1094 1338 1284 1433 quaesiuit
1308 1336 1356 1408 dc
1384 1339 1654 1433 complexuum
1679 1342 1868 1436 hierogly-

30 1459 224 1554 phicorum
250 1478 363 1530 sensu
382 1478 427 1528 ac
450 1465 640 1551 potestate
662 1458 736 1544 ita,
757 1467 802 1529 vt
825 1467 914 1528 ante
939 1457 1068 1528 omnia
1092 1454 1263 1543 videret,
1297 1453 1431 1549 quibus
1456 1457 1498 1529 in
1523 1458 1617 1532 locis
1638 1456 1774 1531 eadem
1802 1482 1866 1533 vo-

30 1577 163 1649 cabula
193 1586 442 1648 recurrerent.
501 1571 617 1647 Cuius
646 1575 797 1667 generis
829 1571 1016 1650 vocabula
1042 1584 1141 1646 sunt«
1163 1595 1228 1664 ea,
1267 1593 1363 1667 quae
1391 1573 1581 1669 Spohnius
1616 1574 1865 1652 insanin.

30 1695 180 1768 lineolis
200 1695 371 1782 inclusit,
406 1703 519 1789 etque
541 1695 692 1764 numeri
718 1691 772 1764 ihi
800 1692 972 1763 collocati
998 1693 1210 1786 significent
1233 1713 1368 1764 versus
1394 1693 1653 1790 inscriptionis
1676 1693 1865 1789 hierogly-

30 1813 162 1910 phicae
185 1836 273 1901 eos,
309 1811 444 1907 quibus
470 1808 606 1884 eadem
633 1812 791 1906 syzygia
821 1812 1073 1906 reperiuntur.
1132 1809 1235 1883 Hinc
1264 1810 1454 1903 quaesiuit
1485 1810 1569 1887 loca
1600 1813 1864 1910 inscriptionis

30 1931 352 2027 hieroglyphicae,
379 1928 599 2026 quibuscmn
622 1931 734 2002 initia
757 1939 823 2002 aut
844 1931 973 2002 exitus
992 1950 1173 2004 versuum
1190 1926 1463 2004 demoticorum
1478 1944 1744 2025 congruerent,
1768 1954 1864 2028 quae

30 2053 109 2124 loca
136 2050 304 2122 numeris
330 2059 370 2118 et
393 2046 533 2121 literis:
560 2070 619 2119 oa.
643 2046 728 2118 chit.
749 2047 845 2120 med.
872 2058 1002 2120 notata
1027 2047 1172 2144 passim
1199 2057 1386 2141 apparent
1410 2049 1451 2120 in
1478 2047 1606 2120 tabula
1641 2047 1752 2123 dicte.
1803 2050 1863 2124 ln-

30 2170 154 2242 ycntis
178 2169 272 2240 locis
298 2167 495 2262 vtriusque
526 2164 791 2261 inscriptionis
815 2165 1028 2259 parallelis,
1059 2168 1093 2238 si
1130 2163 1256 2237 dicere
1284 2163 1392 2255 licet,
1425 2188 1501 2238 non
1530 2163 1721 2247 dubitauit
1746 2171 1865 2242 variis

30 2287 195 2380 syzygiis
222 2281 516 2378 hieroglyphicis
542 2281 711 2355 tribuere
736 2292 964 2378 potestatem
995 2295 1034 2356 et
1066 2285 1315 2378 significatum
1346 2304 1448 2356 nnnc
1473 2284 1668 2361 vocabulis
1695 2287 1863 2377 Graecis,

30 2413 127 2478 nunc
150 2403 323 2478 numeris
354 2399 576 2497 adscriptis,
617 2421 713 2495 quae
747 2398 796 2472 ad
825 2401 980 2475 easdem
1011 2404 1190 2474 notiones
1222 2398 1411 2472 ‹lcmotice
1447 2425 1653 2498 expressas
1679 2418 1863 2501 spectant.

30 2525 201 2620 Denique
230 2543 313 2594 cum
341 2521 483 2618 scripta
505 2516 792 2614 hieroglyphice
821 2517 1014 2592 hieraticis
1049 2532 1089 2592 et
1115 2519 1315 2592 demoticis
1342 2518 1537 2591 simillima
1571 2543 1655 2593 esse
1691 2523 1863 2596 animad-

30 2653 215 2729 verteret,
241 2662 319 2712 non
344 2641 483 2712 mirum
510 2647 591 2726 est,
616 2660 703 2709 eum
724 2637 955 2730 singularum
981 2639 1183 2731 ligurermn
1209 2659 1359 2736 quoque
1385 2648 1614 2732 potestatem
1634 2649 1673 2710 et
1698 2661 1864 2734 pronun·

30 2761 229 2833 ciationem
246 2771 288 2832 vt
306 2755 529 2854 expediret,
558 2766 743 2846 tentasse,
771 2777 883 2851 quam
911 2754 1065 2827 obrem
1091 2755 1285 2830 nonnullis
1311 2754 1430 2848 signis
1453 2753 1584 2828 literas
1612 2739 1776 2832 Graecas
1794 2761 1864 2832 La·

30 2871 201 2973 tinasque
227 2876 438 2978 adscripsit.
489 2872 641 2948 Clarum
658 2883 727 2962 est,
754 2875 794 2943 in
818 2872 876 2944 his
899 2895 985 2944 eum
1006 2873 1200 2945 literarum
1224 2873 1492 2944 hieraticarum
1516 2872 1863 2975 demoticarumquc

30 2997 167 3068 lormas
191 3009 280 3067 ante
306 2995 435 3067 oculos
462 2989 649 3062 habuisse.
708 2991 823 3082 Signa
857 2991 959 3060 enim
987 2988 1291 3085 hieroglyphice,
1327 2989 1463 3084 quibus
1492 2990 1620 3062 literas
1649 2993 1863 3090 adscripsit,

30 3112 232 3187 admodum
261 3112 403 3185 similia
429 3119 517 3182 sunt
541 3109 598 3180 eis
624 3109 742 3202 signis
768 3106 966 3178 demoticis
991 3118 1030 3177 et
1055 3106 1266 3196 hieraticis‚
1294 3129 1387 3202 quas
1413 3105 1552 3178 iisdem
1576 3107 1698 3182 literis
1716 3112 1862 3185 Latinis

30 3233 256 3327 Graecisque
279 3229 484 3325 expressit.
535 3225 731 3315 Ceterum,
766 3247 994 3321 quamquam
1018 3222 1151 3297 beatus
1178 3224 1369 3318 Spohnius
1392 3226 1434 3296 in
1457 3224 1581 3298 literis
1606 3226 1864 3327 hieroglyphi-

30 3351 77 3423 ris
104 3371 239 3446 parum
260 3347 492 3444 profeceram
515 3366 604 3417 narn
625 3344 812 3440 plurimae
834 3342 947 3416 huius
967 3341 1117 3416 tabulae
1145 3344 1363 3416 notationes
1383 3342 1433 3416 ad
1456 3364 1598 3416 annum
1622 3349 1719 3426 1819
1744 3353 1862 3444 perti-

30 3478 136 3558 nent;
171 3465 419 3546 fundamenta
446 3463 581 3540 saltem
603 3461 940 3560 Hieroglyphices,
965 3459 1209 3539 Vocabularii
1236 3474 1276 3536 et
1302 3462 1581 3542 Grammatioac
1606 3463 1861 3564 hieroglyphi-

30 3609 90 3660 cae
117 3588 217 3658 iacta
243 3596 351 3657 erant
376 3581 495 3654 multo
522 3592 611 3654 ante
637 3584 720 3654 cius
744 3594 918 3656 mortem.

124 3705 272 3791 Restat,
298 3713 341 3777 vt
365 3722 465 3773 nunc
493 3698 661 3780 breuiter
682 3712 920 3796 exponatur,
946 3695 1037 3796 quid
1051 3696 1244 3794 Spohnius
1269 3695 1341 3770 hac
1364 3697 1432 3770 tali
1454 3699 1520 3772 via
1541 3699 1734 3791 ingressus
1754 3700 1861 3772 inue-

30 3824 147 3912 nerit,
174 3844 267 3919 qcras
293 3822 395 3916 leges
421 3819 632 3914 scripturae
656 3815 914 3912 Aegyptiacae
947 3829 1027 3892 tum
1055 3813 1285 3904 demoticae,
1318 3823 1399 3886 tum
1425 3812 1650 3905 hieraticac,
1678 3827 1757 3889 tum
1782 3817 1862 3890 hie-

30 3937 268 4036 roglyphicas
291 3936 559 4038 expediuerit,
583 3958 680 4032 quae
703 3934 887 4012 vocabula
911 3934 1158 4031 explicuerit,
1195 3954 1287 4029 quas
1313 3931 1444 4004 literas
1470 3932 1641 4030 eliasque
1665 3933 1862 4008 Gramma-

30 4059 121 4132 ticae
137 4059 548 4155 partcs'illustrauerit,
574 4058 676 4148 siue,
699 4067 742 4132 vt
757 4047 884 4131 verbo
895 4051 1039 4141 dicam,
1059 4052 1100 4123 in
1116 4071 1190 4152 quo
1208 4051 1390 4124 consistet
1404 4061 1572 4144 systema
1585 4049 1859 4150 Spohnianum.

273 4293 305 4393 ξ.
331 4300 366 4371 3.
427 4298 496 4372 De
530 4295 898 4395 hieroglyphice
932 4295 1230 4392 scriptorum
1262 4290 1615 4366 demottcorom.

60 4555 63 4566 ι
129 4465 167 4556 l)
195 4447 394 4564 Scriptura
405 4463 680 4564 Acgyptiorum
699 4461 907 4553 demotica,
931 4462 994 4538 vel
1012 4459 1372 4566 epistolographica,
1396 4461 1461 4535 vel
1483 4459 1680 4552 enchoria,
1702 4460 1768 4536 vel
1781 4461 1861 4535 vnl-

50 4551 60 4576 ἦ

30 4584 148 4677 garis,
172 4606 285 4680 quam
311 4573 463 4659 veteres
487 4583 692 4674 dixerunt,
717 4603 765 4654 ca
788 4593 847 4654 cst
870 4603 923 4654 cx
944 4581 1135 4653 sententia
1153 4579 1333 4675 Spohnii,
1360 4601 1456 4678 quae
1481 4581 1524 4654 in
1544 4577 1861 4672 Tasu.1.11.111.,

30 4703 130 4794 eliis,
158 4715 270 4799 atque
297 4703 339 4776 in
365 4702 541 4779 omnibus
567 4703 719 4799 scriptis
743 4699 804 4774 his
825 4698 1047 4799 aequalibus
1069 4698 1246 4774 cernitur.

106 5003 145 5082 2)
168 5001 233 5062 Vid.
258 5003 330 5064 Tali.
352 5003 408 5065 Xl.
430 5004 514 5064 huius
536 5002 711 5076 voluminis,
730 5001 781 5062 rbi
803 5001 902 5062 omnio
922 4999 1032 5073 hebes,
1052 5017 1126 5079 queo
1145 4997 1292 5077 Spohnlus
1311 4997 1343 5060 iu
1365 4999 1497 5074 exemplo
1517 5013 1568 5055 seo
1591 4993 1715 5054 notauit.

1477 5114 1513 5188 Ι)
