4636 6060
1130 543 1509 620 -28-

696 767 841 826 hominem
862 779 926 822 eum
946 761 1065 820 oucule
1086 777 1138 836 pro
1161 760 1255 820 vocali
1274 783 1304 841 η.
1348 759 1391 818 Ib.
1410 759 1475 819 tin.
1496 757 1532 820 V.
1554 761 1629 821 med.
1652 757 1692 818 X.
1711 761 1760 821 in.
1786 761 1832 820 IV.
1853 761 1906 824 bis.

696 854 920 909 instrumentum
942 844 1085 919 quoddam
1108 862 1160 919 pro
1180 845 1274 902 vocali
1296 848 1317 904 i.
1360 843 1402 903 Ib.
1425 845 1489 902 liu.
1505 843 1586 903 XIV.
1608 846 1673 902 init.
1690 841 1749 904 his.

612 957 613 960 ¹
698 933 883 990 instrumenti
909 931 1035 1005 speciem
1058 946 1109 1004 pro
1132 946 1260 986 consono
1280 948 1317 986 m.
1360 927 1402 986 lb.
1422 927 1487 986 Lio.
1507 927 1591 987 XIII.
1610 929 1672 986 init.

606 1039 607 1042 ¹
694 1035 778 1074 auem
800 1015 942 1092 quondam
963 1031 1016 1088 pro
1035 1030 1163 1070 consona
1186 1023 1210 1072 t.
1254 1011 1295 1070 Ib.
1319 1011 1383 1072 bln.
1406 1010 1491 1072 XIII.
1513 1013 1578 1070 init.

396 1143 600 1216 Praeterea
625 1155 740 1230 quum
757 1131 950 1230 Spohnius
973 1129 1159 1206 nonnulla
1181 1130 1367 1212 vocabula
1378 1128 1662 1226 hieroglyphice
1675 1152 1762 1204 curn
1776 1128 1994 1221 demoticis,
2019 1143 2065 1204 vt
2083 1134 2242 1206 numeri

396 1271 602 1344 testantur,
627 1252 923 1348 comparauerit,
950 1260 1063 1345 atquo
1082 1259 1285 1346 utrumque
1305 1269 1425 1343 genus
1447 1246 1498 1322 ad
1518 1247 1685 1344 linguam
1710 1262 1750 1321 et
1769 1247 2014 1348 alphabetum
2035 1248 2241 1348 Copticum

394 1377 585 1464 retulerit3
610 1369 808 1467 probabile
837 1379 914 1457 cst,
936 1385 1024 1439 cunr
1048 1363 1098 1440 de
1119 1367 1206 1443 aliis
1224 1368 1342 1443 etlam
1363 1367 1487 1443 literis
1508 1365 1802 1465 hieroglyphicis
1829 1379 1973 1444 certum
1988 1366 2125 1455 fuisse,
2155 1367 2241 1468 qui-

394 1497 465 1570 bus
490 1497 619 1567 literas
640 1491 780 1563 latinas
802 1486 927 1563 nullas
949 1483 1206 1584 adscripserit
1325 1513 1327 1518 ·

918 1707 951 1806 ξ.
986 1713 1065 1782 13.Χ
1102 1707 1175 1784 De
1209 1731 1512 1784 rsumerorum
1548 1709 1714 1804 sc'gscc's.
1840 1775 1845 1780 .

492 1887 744 1961 Numerorum
770 1882 896 1976 signa,
918 1879 982 1952 vel
1012 1877 1107 1972 sigla
1129 1877 1178 1952 ab
1198 1876 1399 1974 Aegyptiis
1424 1874 1597 1952 adhibita
1622 1878 1765 1967 fuisse,
1788 1888 1892 1952 recte
1906 1875 2128 1952 obseruauit
2146 1876 2240 1951 bea·
2263 1943 2265 1946 ,

392 2022 452 2080 tus
479 2003 694 2101 Spohnius‚
720 2019 947 2097 quamquam
967 2017 1046 2068 non
1068 1997 1106 2069 ei
1123 1998 1319 2104 contigit,v
1334 2007 1376 2072 vt
1395 1997 1506 2093 plura
1529 1997 1788 2094 manuscripta
1812 2019 1898 2068 curu
1928 1997 2100 2068 numeris
2124 2017 2240 2072 accu-

391 2126 511 2198 ratius
535 2115 636 2193 inter
658 2142 699 2192 se
722 2137 944 2213 comparare
968 2125 1110 2210 posset.
1161 2112 1262 2205 Quid
1281 2114 1348 2186 ille
1372 2113 1422 2187 ad
1443 2115 1699 2210 cognitionem
1717 2115 1936 2208 systematis
1952 2114 2239 2210 Aegyptiorum

391 2240 598 2316 numeralis
622 2236 842 2326 contulerit,
869 2233 1007 2306 docent
1028 2231 1244 2330 sequentia
1291 2231 1444 2309 quenit
1467 2235 1590 2308 onim:

684 2388 735 2445 pro
765 2368 788 2426 I.
850 2367 986 2424 lineolam
1008 2373 1136 2424 erectam
1159 2364 1386 2446 hieroglyphice.
1407 2366 1479 2426 Tah.
1493 2364 1549 2425 XI.
1569 2366 1634 2424 Liu.
1644 2363 1726 2423 XIV.

853 2451 991 2507 lincolam
1013 2458 1141 2506 erectam
1162 2449 1316 2508 demotice.
1345 2448 1430 2524 Spec.
1448 2449 1482 2508 V.
1505 2449 1569 2508 Inn.
1589 2453 1617 2520 l,
1633 2450 1663 2506 3.

853 2534 989 2591 similiter
1011 2533 1042 2590 ln
1064 2531 1160 2606 lapIde
1181 2531 1251 2590 Ros.
1273 2530 1359 2608 Spec.
1374 2532 1397 2591 I.
1419 2532 1482 2592 Lin.
1499 2535 1550 2604 32,
1569 2535 1618 2591 18.
1634 2533 1687 2605 29,
1705 2533 1757 2592 34.

681 2636 733 2694 pro
761 2615 798 2674 II.
851 2619 972 2675 lineolae
996 2615 1068 2674 duas
1093 2613 1310 2695 hieroglyphice
1331 2615 1403 2675 I'eb.
1420 2616 1475 2676 XI.
1497 2617 1561 2674 Iriu.
1577 2614 1659 2674 XIV.

852 2701 987 2758 slmiliter
1008 2698 1152 2756 demoticc
1175 2699 1260 2773 Spec.
1280 2702 1307 2756 I.
1328 2699 1392 2758 hin.
1407 2702 1459 2771 32,
1477 2702 1528 2757 20.

686 2802 736 2859 pro
759 2782 809 2840 III.
851 2784 973 2840 lineolae
995 2793 1055 2839 tres
1076 2781 1294 2859 hieroglyphice
1316 2781 1388 2839 Tul».
1404 2782 1458 2840 XI.
1481 2783 1543 2842 hin.
1561 2780 1642 2840 XIV.

614 2929 616 2932 ,
854 2876 914 2924 tres
935 2868 1028 2923 liueor
1050 2865 1219 2923 coniunctos
1242 2865 1386 2922 demetiae
1407 2866 1491 2940 Spec.
1506 2866 1529 2924 I.
1551 2867 1614 2924 Liu.
1633 2869 1684 2937 23,
1701 2867 1751 2924 38.
1768 2868 1819 2938 32,
1834 2869 1884 2924 22.

687 2969 736 3024 pro
770 2949 802 3006 V.
852 2949 930 3006 homi
950 2949 1076 3024 speciem
1099 2946 1183 3022 Spec.
1201 2946 1224 3006 I.
1246 2947 1459 3020 l.tn.2u‚35.'

682 3053 734 3108 pro
758 3032 834 3091 VIII.
885 3034 1002 3110 signum
1025 3033 1128 3088 literae
1150 3031 1169 3088 Is
1192 3032 1369 3089 simillimum
1391 3033 1544 3092 deonotice.
1574 3032 1659 3107 Spec.
1677 3031 1699 3090 I.
1723 3033 1785 3092 hin.
1800 3031 1882 3104 XIV,
1903 3037 1948 3090 44.

854 3117 1032 3175 simillimum
1053 3116 1169 3193 signum
1191 3115 1298 3173 demot.
1321 3113 1406 3189 Spec.
1423 3115 1456 3173 V.
1476 3116 1539 3174 hin.
1560 3120 1637 3190 1,,4.
2025 3177 2029 3184 ,

683 3218 735 3274 pro
758 3197 813 3258 IX.
856 3201 962 3256 lineam
984 3209 1113 3257 erectam
1134 3216 1199 3254 cum
1221 3196 1307 3255 hemo
1330 3217 1417 3280 supra
1439 3201 1582 3258 demotice
1605 3198 1689 3273 Spec.
1706 3197 1727 3255 1.
1749 3197 1812 3258 Lin.
1834 3201 1861 3269 l,
1876 3199 1906 3254 3.
1996 3259 1997 3262 ¹

679 3301 731 3358 pro
759 3283 801 3341 X.
856 3284 971 3361 signum
995 3283 1121 3340 talmilc
1143 3281 1319 3338 demoticum
1340 3281 1426 3357 Spec.
1448 3287 1475 3342 l.
1497 3284 1559 3341 hio.
1577 3284 1628 3355 25,
1646 3283 1696 3340 35.

680 3384 732 3441 pro
754 3365 860 3424 XXX.
896 3369 982 3445 signa
1002 3374 1137 3440 corrupta
1157 3363 1302 3423 demotice
1324 3364 1411 3442 Spec.
1426 3366 1450 3425 I.
1475 3366 1539 3425 Lin.
1555 3369 1607 3439 22,
1626 3367 1676 3424 37.

386 3492 590 3562 Praeterea
619 3485 768 3555 inuenit
789 3484 916 3576 sigero,
952 3481 1088 3580 quihus
1119 3481 1301 3556 adhibitis
1326 3508 1379 3557 ex
1403 3486 1573 3558 numeris
1603 3482 1859 3558 cardinalibus
1891 3485 1985 3556 ficunt
2016 3482 2237 3575 ordinales,

385 3621 464 3679 tum
491 3603 698 3688 demotice,
733 3614 811 3672 tum
833 3601 1136 3696 hieroglyphicm
1168 3623 1281 3697 porro
1303 3603 1413 3696 signa
1440 3604 1682 3698 repetitionis
1710 3625 1975 3693 aurocrorum,
2004 3615 2045 3676 vt
2068 3614 2149 3692 ter,
2176 3621 2236 3677 at-

386 3747 458 3819 que
480 3723 557 3795 alia
579 3720 764 3792 nonnulla
787 3701 972 3795 uocabula
995 3721 1207 3794 numeralia
1223 3713 1287 3812 3⁷).
1317 3717 1318 3722 ’

774 3967 776 3974 ’
823 3931 856 4031 ξ.
887 3941 942 4008 14.
1004 3937 1074 4012 De
1101 3879 1286 4035 formis
1318 3935 1814 4029 grammaticalibus..

484 4105 606 4196 Quum
635 4105 763 4198 lingua
783 4105 825 4177 in
848 4105 998 4200 scriptis
1021 4116 1195 4178 veterum
1216 4105 1491 4202 Aegyptiorum
1515 4103 1688 4177 adhibita
1707 4103 1865 4203 Coptica
1886 4105 1959 4192 sit,
1983 4125 2059 4176 rron
2083 4107 2235 4181 mirum

382 4235 460 4311 est,
487 4223 630 4295 formas
655 4223 957 4316 grammaticales
979 4245 1127 4320 quoque
1149 4223 1406 4322 AegyptIacas
1427 4246 1510 4299 cum
1532 4221 1699 4322 Coptiois
1724 4224 1852 4296 multis
1873 4223 2042 4294 nurneris
2064 4247 2234 4299 consen-

330 4365 334 4372 ·
383 4344 478 4432 tire,
500 4340 703 4438 dequibus
724 4340 915 4436 Spohnius
935 4341 1085 4436 inuenit
1106 4355 1328 4439 sequentes:

424 4467 800 4534 hrticqusdetermInatus
822 4475 978 4553 singularis
1002 4476 1120 4534 morcui.
1142 4493 1211 4556 gen.
1236 4487 1282 4538 eet

551 4559 695 4684 demotffc
709 4561 750 4637 ps*
769 4558 826 4616 Ins.
847 4557 918 4616 Ros.
935 4557 1009 4618 XX.
1031 4563 1062 4623 7.
1083 4561 1141 4640 al.
1308 4633 1309 4638 ἵ
1329 4597 1332 4602 -

713 4660 739 4720 p
761 4640 803 4698 In.
825 4639 895 4700 Ros.
917 4641 992 4701 XX.
1014 4643 1065 4703 35.
1082 4644 1120 4700 ol.
1144 4638 1207 4704 VII.
1228 4645 1259 4700 4.
1276 4639 1358 4702 XIV.
1379 4645 1408 4700 8.
1431 4639 1533 4700 XXII.
1555 4641 1604 4698 31.
1626 4642 1662 4696 al.

555 4723 697 4784 hieratioe
713 4744 737 4804 p
758 4723 843 4801 Spec.
864 4725 945 4784 XIV.
969 4725 1003 4784 P.
1025 4729 1053 4786 1.
1075 4725 1139 4784 Lin.
1160 4723 1224 4799 VII,
1239 4729 1269 4784 4.
1293 4725 1332 4784 ib.
1356 4723 1420 4784 Lm.
1437 4723 1488 4783 III.
1505 4727 1534 4784 ³.
1554 4725 1592 4782 ul.

383 4862 766 4880 *nn—...-

464 4945 521 5022 ³7)
548 4943 617 5004 Vid.
637 4945 709 5003 Teb.
734 4944 789 5006 XI.
812 4947 876 5008 hio.
891 4947 973 5008 XIV.
993 4949 1043 5006 liu.
1071 4943 1157 5023 Spec.
1172 4947 1195 5007 I.
1217 4947 1283 5008 Ltn.
1300 4929 1434 5014 XXXII.
1452 4951 1501 5007 lli.
1516 4967 1558 5026 sq.
1589 4945 1673 5024 Spec.
1690 4945 1722 5004 V.
1745 4945 1808 5004 hin.
1827 4949 1854 5018 l,
1869 4946 1896 5003 5.
1926 4941 2011 5020 Spec.
2031 4942 2054 5002 I.
2085 4943 2158 5006 Lin.
2176 4952 2233 5020 23,

382 5031 432 5090 37.
454 5033 506 5102 20,
521 5033 551 5100 ti,
573 5032 611 5088 el.
633 5030 691 5087 vid.
713 5027 812 5090 vocab.
835 5033 943 5092 dentot.
