4576 6054
370 1637 688 1772 Farnaarcvs
728 1692 997 1770 dvcvsrvs
1043 1679 1357 1770 Gururaunvs
1407 1691 1669 1782 Seounrvs
1717 1705 1831 1770 notus
1867 1703 1928 1768 est
1962 1691 2206 1786 Tremonise,

370 1805 618 1911 vestphalise
642 1811 806 1910 oppido,
834 1833 935 1884 anuo
958 1809 1165 1906 superioris
1186 1809 1329 1883 saeculi
1349 1810 1596 1904 nonagesimo
1621 1811 1807 1901 seeundo,
1836 1809 1900 1884 die
1922 1811 2205 1888 sextodecimo

339 1935 342 1958 ¹
370 1929 479 2005 Maii.
494 1930 647 2003 Patrem
664 1925 798 2000 babuit
816 1925 1090 2000 Tuaorruuvu
1107 1924 1406 1998 Laaaaacurvu
1420 1923 1653 2015 Seoumvu,
1682 1927 1951 2024 Philosophiae
1971 1927 2041 1999 illa
2055 1928 2099 2000 in
2114 1927 2205 2002 arbe

371 2045 633 2128 Professorem
656 2057 772 2140 atque
789 2041 1099 2136 Arcbigymnasii
1123 2041 1406 2130 frutectorum
1433 2053 1596 2114 matrem
1619 2039 1898 2116 Cauls'rrsusu
1913 2043 2100 2118 bossunt!
2114 2046 2206 2118 Gvr·

372 2178 590 2246 masalman
606 2183 627 2232 c
642 2172 754 2254 gente
768 2158 1046 2248 Naaromsna.
1066 2155 1405 2234 Paterlslebieosis
1422 2167 1503 2252 turn
1520 2159 1677 2244 Graecis
1692 2159 1886 2232 etLatiuis
1902 2159 1945 2232 iu
1961 2159 2098 2246 literis,
2127 2172 2205 2234 tum

372 2276 567 2351 Semiticis
580 2276 776 2372 praeclare
791 2286 980 2364 versatus,
1002 2296 1087 2347 cum
1100 2273 1254 2369 Lipsiae
1270 2271 1321 2346 ad
1338 2257 1474 2346 aedem
1487 2273 1679 2347 Petriuarn
1693 2269 1949 2348 concionator
1963 2278 2203 2372 vespertinus

372 2405 412 2466 et
427 2389 633 2466 Catecheta
656 2397 769 2487 atque
782 2391 825 2464 in
847 2387 1059 2464 Academia
1073 2389 1218 2464 Ductor
1232 2389 1404 2486 priuatus
1425 2409 1545 2484 eaque
1560 2389 1693 2463 relicta
1707 2385 1936 2466 'fremoniae
1953 2393 2129 2486 egregiae
2142 2391 2205 2466 do-

371 2509 518 2582 ctrinae
533 2519 573 2580 et
587 2508 689 2582 acuti
702 2506 848 2603 ingenii
861 2506 1072 2604 specimina
1086 2505 1292 2598 edidisset,
1318 2527 1415 2580 mox
1430 2497 1560 2578 altiori
1575 2506 1664 2580 loco
1674 2505 1889 2604 destinatus
1904 2518 1975 2598 est.
2034 2507 2204 2598 Vocaba-

370 2637 433 2698 tur
454 2621 698 2718 Viteber'gam
723 2644 824 2696 anno
845 2623 1096 2716 nonagesimo
1117 2633 1252 2720 quarto
1283 2642 1313 2694 s.
1331 2620 1383 2710 s'.,
1413 2634 1459 2697 vt
1482 2622 1702 2695 succederet
1726 2623 1986 2712 Raraunum,
2014 2622 2203 2698 Dresdam

370 2751 529 2827 vocato,
559 2740 602 2812 in
614 2733 880 2811 Professuram
910 2737 950 2810 S.
968 2735 1007 2809 S.
1023 2735 1255 2830 Tlroologlae
1271 2747 1311 2809 et
1323 2735 1588 2830 Magisteriusn
1603 2738 1685 2811 siue
1699 2738 1946 2834 Propsturam
1962 2737 2011 2812 ad
2027 2739 2124 2812 arcis
2139 2763 2202 2812 ae·

371 2855 539 2930 demueo
553 2875 632 2928 nou
639 2851 901 2942 obsecuturam,
916 2874 1014 2950 qrrae
1028 2851 1179 2941 slsum,
1203 2849 1443 2930 consistorii.
1465 2851 1709 2948 Vitebergam
1725 2857 1835 2932 venit
1849 2879 1933 2928 curn
1950 2855 2112 2946 familia,
2129 2879 2202 2953 quo

371 2970 434 3044 die
449 2969 557 3044 lilioli
574 2967 669 3042 bimi
682 2970 861 3043 natalitia
876 2968 1095 3064 agebantur.
1135 2967 1279 3058 Triduo
1294 2981 1384 3067 post
1398 2968 1497 3042 febri
1512 2968 1716 3046 neru'orum
1733 2971 1909 3043 afficitur
1932 2994 1976 3046 ac
1992 2971 2055 3044 dio
2071 2993 2201 3046 secun-

369 3083 419 3160 do
433 3085 534 3159 Iunii
560 3083 663 3158 diern
687 3107 906 3183 supremum
929 3084 1028 3174 obit,
1055 3084 1204 3181 patriae
1226 3091 1352 3159 terrae
1370 3083 1495 3159 denuo
1510 3086 1584 3161 vix
1601 3095 1790 3164 ostensus.
1846 3087 2013 3182 Reliquit
2037 3110 2202 3163 uxorem
2253 3159 2257 3172 ,

367 3202 526 3278 viduam
541 3213 653 3298 atque
675 3223 836 3300 puerum
861 3223 963 3292 „non
988 3183 1104 3299 opum
1127 3201 1281 3297 quidem
1305 3214 1344 3274 ot
1362 3201 1603 3292 diuitiarum,
1632 3203 1702 3277 sed
1726 3201 1870 3277 doloris
1884 3216 1923 3276 et
1947 3205 2204 3297 laerymarum

367 3317 612 3414 beredes“·).
663 3317 838 3392 Aderant
851 3317 1142 3390 dissertationes
1160 3316 1257 3390 duae
1280 3318 1383 3413 typis
1405 3318 1565 3392 iamiam
1576 3321 1809 3418 exscriptae,
1838 3321 1960 3394 altera
1973 3318 2023 3395 ad
2035 3343 2202 3400 summos

367 3434 409 3505 in
431 3431 639 3524 Theologia
655 3431 821 3503 honores
836 3431 1111 3528 capessendos,
1140 3431 1262 3504 altera
1278 3431 1328 3504 ad
1343 3431 1606 3530 Professuram
1622 3435 1926 3534 suscipiendam,
1953 3459 2050 3532 quae
2065 3459 2201 3538 exspe

369 3559 518 3624 starent
533 3567 642 3620 suum
659 3567 813 3620 suarum
830 3545 986 3620 laudsun
1003 3569 1024 3619 e
1040 3547 1192 3645 publica
1212 3545 1394 3622 cathedra
1407 3547 1620 3640 vindicem,
1650 3551 1719 3626 sed
1735 3551 1890 3626 frustra.
1923 3551 1935 3596 '1

451 3662 513 3740 Ab
527 3664 600 3738 boc
613 3663 703 3736 iude
715 3675 886 3760 tempore
901 3674 1024 3737 mater
1038 3687 1122 3738 curn
1131 3676 1331 3760 parentum
1344 3664 1669 3764 oflieiabipartita
1682 3657 1878 3766 superstiti
1884 3671 1986 3766 parti
1999 3674 2205 3762 commissa

366 3779 537 3870 videret,
563 3802 715 3854 omnem
735 3802 889 3877 operam
905 3781 987 3853 siue
1003 3783 1158 3857 vulcam
1174 3782 1304 3880 posuit
1317 3783 1359 3854 in
1374 3781 1573 3856 educando
1586 3807 1717 3880 puero,
1742 3787 1785 3858 in
1801 3809 1875 3884 quo
1889 3788 2019 3860 mariti
2035 3789 2205 3872 defuncti

366 3895 559 3989 ingenium
575 3909 614 3971 et
627 3899 809 3973 virtutem
824 3891 1090 3996 praesagiebat
1104 3913 1269 3994 suaeque
1285 3901 1491 3972 senectutis
1509 3900 1677 3974 futurum
1696 3902 1874 3976 solatium
1889 3903 2050 3999 putabat
2070 3905 2203 3980 latere.

366 4007 485 4084 Caute
502 4011 756 4106 coniungebat
780 4035 864 4086 curn
888 4026 1063 4088 materna
1086 4014 1272 4087 facilitate
1288 4015 1533 4112 supercilium
1548 4023 1770 4113 paternum,
1799 4041 1884 4092 curn
1902 4021 2042 4094 osculis
2057 4043 2204 4117 preces,

365 4150 449 4199 curn
473 4126 746 4200 blandimentis
769 4129 1029 4201 incitamenta.
1083 4127 1205 4202 Officii
1233 4133 1447 4224 partemin
1472 4153 1513 4204 se
1535 4135 1702 4230 suscepit
1718 4135 1937 4224 Drusum,
1973 4134 2205 4234 Theologiae

365 4237 508 4316 Doc‘tor
523 4254 562 4313 et
578 4243 776 4316 Professor
790 4242 1092 4336 Vitebergensls,
1111 4237 1323 4340 'postquam
1342 4239 1570 4322 anno'huius
1587 4250 1730 4324 saeculi
1744 4253 1887 4346 primo,
1917 4275 2050 4326 mense
2067 4255 2206 4328 Ianua·

365 4359 423 4430 rio
444 4378 529 4430 culn
546 4368 670 4431 matre
684 4359 854 4458 Srqflau
876 4360 1163 4433 matrimonium
1186 4363 1338 4434 inierat.
1398 4361 1493 4451 Hic,
1520 4387 1594 4460 qua
1618 4378 1701 4438 erat
1722 4367 1844 4439 animi
1862 4367 2006 4464 pietate
2027 4381 2069 4442 et
2085 4392 2205 4470 opum

362 4545 2206 4583 *mm-..m—

427 4661 451 4724 *l
470 4659 535 4713 viu.
552 4660 689 4712 ieremias
706 4667 787 4712 uates
806 4662 947 4716 emendat.
966 4668 1054 4730 nottq.
1072 4662 1134 4716 crit
1151 4664 1254 4718 illustr.
1271 4679 1298 4718 a.
1315 4663 1355 4718 Μ.
1373 4663 1461 4719 Gottl.
1478 4665 1549 4721 Leb.
1566 4665 1673 4722 saona.
1689 4669 1745 4723 vol.
1760 4669 1795 4722 11.
1812 4676 1878 4737 post
1893 4670 1961 4723 obit.
1974 4677 2032 4739 pat.
2050 4671 2094 4724 ed.
2111 4673 2209 4726 Frirsl.
2246 4678 2257 4726 -l

359 4743 429 4814 dog.
448 4743 523 4797 Gull.
540 4743 637 4832 Saeua
653 4743 731 4816 Lips.
752 4746 843 4802 1824.
861 4747 951 4802 dedic.
969 4761 1033 4816 pag.
1048 4749 1077 4802 2.
1893 4745 1896 4750 ’
