4568 6076
763 539 1171 614 ...ιι.-

42 745 191 830 secem
216 751 324 846 aquis
352 747 437 822 illis'
451 755 641 822 vteretur.
691 743 782 822 Non
801 745 907 820 ²adeo
928 743 1126 822 literarum
1149 765 1280 824 amore
1304 745 1524 841 tenebatur,
1553 753 1646 848 quin
1669 763 1877 844 venustate

48 873 95 934 et
128 867 247 940 animi
264 877 309 938 et
338 864 507 960 corporis
539 862 723 957 singulari
752 885 872 960 aeque
903 863 1016 959 atque
1039 864 1209 936 bonitate
1231 887 1382 940 summa
1402 888 1481 940 non
1502 880 1713 965 caperetur.
1758 869 1878 948 Hane

39 976 233 1067 ardebat,
264 980 406 1052 siDoo
439 977 485 1050 O.
502 979 556 1052 Μ.
583 980 771 1076 placeret,
801 981 845 1052 in·
862 980 1108 1053 matrimonio
1131 979 1285 1054 habere.
1395 1007 1399 1018 ·

42 1157 44 1162 ,
166 1093 432 1168 FaustissimIs
454 1089 644 1168 ornimbus
668 1094 873 1168 sronmvs
896 1095 1108 1189 primordia
1138 1096 1539 1176 anniololocccxxm
1564 1100 1677 1196 cepit.
1731 1096 1874 1172 atoma

47 1205 289 1304 Aegyptiace
319 1211 467 1302 egregie
488 1223 755 1304 processerant
775 1224 888 1305 atque
911 1210 1110 1308 sperabat,
1133 1210 1216 1284 iore
1232 1224 1281 1288 vt
1304 1233 1399 1308 opus
1418 1233 1547 1300 suurn,
1577 1215 1683 1286 cuius
1705 1215 1873 1305 particu-

48 1323 129 1396 lam
155 1326 321 1419 primam
347 1345 445 1396 mox
468 1323 640 1398 editurus
663 1336 766 1414 orat,
790 1325 900 1398 Reor
927 1325 1228 1400 nvevsrrsnno
1254 1338 1294 1400 et
1315 1325 1659 1414 Coensnrrssrnm,
1681 1325 1783 1420 qued
1803 1348 1879 1404 ,cum

47 1437 199 1534 piabat,
230 1439 438 1512 inscribere
458 1453 612 1534 posset.
659 1440 780 1526 „Hunc
802 1443 844 1513 in
871 1439 1129 1518 finem'verha
1149 1441 1501 1538 Aegyptiacacum·
1524 1443 1665 1516 Latina
1686 1443 1878 1534 interpret-2

49 1553 217 1640 eosne,
244 1555 382 1650 quibus
401 1566 595 1645 vteretur,
611 1597 613 1606 ‚
627 1558 669 1630 in
690 1556 832 1630 charta
860 1557 923 1652 pie
945 1555 1209 1652 componebat.
1267 1557 1350 1632 Sex
1372 1557 1521 1656 Iapides
1546 1559 1697 1651 seriptis
1719 1554 1878 1652 Aegyp-r
1993 1647 2001 1654 „

45 1669 162 1742 tineis
185 1671 472 1742 scematissinre
497 1671 636 1765 repleti
658 1682 769 1744 erant
789 1692 1012 1766 summaque
1037 1671 1237 1765 diligentia
1257 1676 1429 1764 correcti.
1487 1671 1729 1746 Adiacobant
1749 1691 1883 1768 papyw

40 1807 115 1872 rus
137 1796 176 1856 et
190 1783 328 1876 byssus
342 1784 620 1874 berolinensis,
640 1789 800 1882 qnorum
824 1785 955 1864 literas
971 1807 995 1860 a
1014 1789 1159 1883 pictore
1181 1790 1223 1861 in
1241 1787 1371 1885 lapide
1387 1789 1549 1885 scriptas
1563 1790 1642 1860 iam
1663 1789 1705 1882 in
1718 1788 1876 1882 procin-

46 1910 118 1972 ctu
141 1909 239 1986 erat,
275 1908 320 1974 vt
345 1899 578 1972 emendaret.
644 1900 810 1988 Dielx
837 1900 1006 1974 Ianuarii
1029 1904 1225 1999 sponsalia
1249 1903 1415 1978 iaciebat
1439 1921 1693 2001 sponsamque
1718 1902 1875 2000 emisam

46 2013 194 2090 chartis
211 2015 609 2113 amicissignilicabat
639 2015 746 2090 Nihil
764 2017 953 2110 ingratum
968 2017 1051 2090 erat
1067 2031 1221 2115 praeter
1237 2021 1482 2092 immaturam
1495 2030 1662 2108 ,mortem
1678 2015 1867 2104 Genuam,

14 2172 16 2174 -
40 2127 279 2222 w'I'heologiae
301 2130 535 2204 Professeris
557 2131 791 2227 Lipsiensis,
827 2131 1042 2206 sincerrimi
1064 2136 1179 2207 amici
1206 2145 1246 2207 et
1266 2135 1551 2220 conmbcmatis
1571 2133 1873 2230 Vitebergeneis,¹

45 2246 116 2339 qui
134 2246 265 2340 paucis
289 2244 424 2320 diebus
441 2258 531 2320 ante
554 2243 779 2320 smenon
793 2246 907 2334 obiit,
940 2227 1086 2322 scilieet
1116 2261 1162 2324 vt
1182 2250 1289 2326 mam
1307 2253 1343 2322 ei
1358 2253 1399 2322 in
1413 2250 1613 2324 beatorum
1629 2248 1740 2324 sedes
1757 2269 1873 2345 prae-

37 2360 134 2432 iret.
199 2357 354 2434 Cecidit
370 2361 534 2436 aduersa
549 2382 644 2436 sors.
708 2361 779 2437 Die
796 2362 889 2435 XIII
902 2364 1071 2436 ianuarii
1093 2363 1226 2444 morbo
1249 2383 1456 2464 oppressus
1478 2367 1544 2439 vir
1565 2365 1722 2468 triginta
1744 2383 1876 2436 annos.-

34 2487 89 2548 et
104 2497 225 2551 vnrun
247 2490 359 2550 natue
385 2499 439 2550 ex
460 2477 532 2550 hae
554 2479 638 2554 vita
658 2475 835 2551 discessit
856 2477 919 2550 die
941 2477 1050 2552 XVII
1066 2479 1169 2567 Ian„
1195 2481 1260 2576 qui
1286 2492 1371 2552 erat
1390 2479 1625 2553 eruditorum
1647 2477 1872 2563 admiratio,

43 2586 280 2664 Academiae
304 2591 505 2690 splendor,
535 2593 808 2691 discipulorum
831 2595 1052 2692 exemplar,
1087 2596 1257 2668 omnium
1282 2596 1523 2691 exspectatio
1548 2604 1588 2666 et
1611 2590 1870 2665 desiderium.

125 2705 367 2782 sroamvs
393 2707 614 2782 defunctus
612 2731 693 2782 nen
710 2710 836 2782 minus
850 2711 1013 2804 eminuit
1034 2711 1178 2803 ingenii
1197 2706 1441 2785 facultatibus
1456 2709 1726 2802 doctrinaeque
1742 2706 1866 2803 copia,

43 2841 159 2918 qoam
185 2824 307 2896 animi
327 2825 471 2899 virtnte
492 2837 531 2896 et
550 2823 755 2924 probitate.
812 2801 918 2898 Nihil
941 2824 1067 2898 dicam
1094 2823 1143 2898 de
1173 2827 1336 2901 scientia
1357 2838 1397 2898 et
1424 2825 1591 2913 artibus,
1624 2845 1719 2920 quas
1736 2819 1868 2919 perdi.

46 2937 215 3023 (liceret,
245 2937 424 3010 alieniso
445 2939 648 3036 philologi,
674 2941 827 3034 qualem
850 2962 921 3012 nos
944 2962 1045 3012 nunc
1065 2940 1268 3033 fmgimus‚
1295 2963 1472 3037 persona.
1530 2940 1668 3012 Varias
1695 2938 1777 3014 vel
1785 2959 1869 3010 em·

44 3074 113 3126 nes
135 3049 352 3143 theologiae
373 3067 503 3149 partes
523 3063 773 3141 tractauerat3
812 3053 979 3144 linguam
1005 3052 1235 3126 Hebraicam
1252 3055 1368 3144 bene,
1395 3055 1600 3128 Arabicam
1614 3055 1785 3146 aliasque
1798 3050 1868 3128 Son

45 3169 197 3240 miticas
230 3177 342 3260 atque
370 3168 507 3240 seriori
537 3179 708 3262 tempore
738 3162 935 3260 Coptieam
957 3168 1135 3262 inprimis
1160 3170 1353 3242 non··male
1379 3169 1583 3258 didicerat,
1614 3165 1867 3264 probabiliter

43 3281 204 3376 Anglice
226 3290 265 3354 et
287 3283 434 3354 Gallice
454 3283 630 3378 loquutus
647 3293 706 3353 est
721 3282 964 3377 scripsitque,
991 3284 1037 3356 ln
1051 3282 1196 3355 Italicis
1225 3282 1346 3357 literis
1370 3287 1488 3358 edam
1506 3283 1645 3378 hospes
1668 3282 1758 3354 fuit:
1793 3277 1866 3354 sed

42 3395 144 3470 haec
169 3407 278 3491 etque
306 3397 383 3470 alia
413 3418 497 3469 cnm
530 3397 617 3490 aliis
639 3397 858 3468 eommunia
879 3396 1025 3470 habuit
1084 3396 1343 3474 Subsistemus
1359 3400 1401 3471 in
1423 3401 1491 3487 iis,
1525 3397 1682 3493 quibus,
1704 3417 1790 3470 cum
1811 3393 1868 3470 od

42 3511 130 3588 eius
148 3513 386 3606 prouinciam
406 3499 587 3608 proxime
609 3520 847 3606 spectarent,
876 3512 1050 3583 eminuit.
1107 3511 1212 3585 luter
1232 3534 1365 3588 omnes
1388 3525 1557 3603 constat,
1583 3512 1765 3609 philologi
1784 3510 1868 3586 vir-r

42 3638 166 3714 tutes,
203 3629 236 3702 si
261 3627 504 3701 arctioribus
511 3626 650 3730 limbos
670 3625 1045 3713 chcumseribantur,
1074 3628 1180 3698 cerni
1194 3629 1234 3699 in
1251 3631 1465 3722 cognitione
1487 3632 1718 3702 Graecarum
1737 3625 1867 3698 etLa
1978 3653 1979 3656 ¹

33 3743 214 3816 tinarum
236 3743 452 3832 literarum,
474 3765 632 3838 quarum
654 3740 892 3816 humanitate
918 3751 958 3812 et
980 3739 1169 3832 elegantia
1188 3753 1233 3816 vt
1255 3764 1388 3816 omnes
1409 3745 1467 3815 ita
1493 3744 1671 3814 iuuentus
1693 3742 1867 3836 primum

41 3856 281 3946 enrdiuntur.
335 3857 546 3953 Vtrumque
561 3879 678 3952 genus
704 3857 929 3930 arctissimis
945 3854 1133 3930 vinculis
1120 3865 1224 3942 inter
1241 3879 1283 3929 se
1304 3859 1543 3951 coniungitur
1560 3877 1682 3950 nequo
1697 3854 1865 3928 alterum

40 3974 129 4046 sine
151 3974 271 4048 altero
293 3983 396 4052 recte
414 3974 561 4072 percipi
580 3985 622 4046 et
644 3973 774 4046 excoli
795 3983 934 4070 potest.
992 3969 1176 4044 Neutrum
1201 3969 1406 4046 Seonntvs
1426 3973 1600 4066 neglexit
1625 3982 1692 4044 ant
1714 3968 1863 4068 praeei-

41 4108 120 4184 pno
147 4089 278 4164 studio
301 4090 416 4180 ionit;
433 4097 435 4102 ’
451 4091 610 4164 retinuit
632 4100 805 4164 veterem
835 4088 957 4165 veluti
984 4107 1211 4160 consensum
1241 4110 1554 4184 communemque
1576 4087 1861 4176 necessitatem.

39 4200 198 4280 Nullum
226 4205 307 4282 iere
330 4217 462 4282 emeat
480 4216 562 4279 tum
585 4205 754 4279 Graecae
774 4191 855 4280 tum
876 4204 1037 4277 Latinae
1057 4205 1268 4278 vetustatis
1283 4217 1571 4282 monumentum
1587 4205 1690 4298 typis
1713 4195 1861 4275 exseri.

40 4330 163 4416 porra,
191 4320 294 4419 quod
307 4343 385 4396 non
396 4321 543 4416 legerit,
566 4319 729 4415 legendo
748 4319 996 4415 excerpserit,
1017 4317 1290 4407 emendauerit,
1313 4323 1519 4394 ornauerit.
1577 4318 1731 4392 Scholia
1741 4329 1789 4390 wetw
1807 4317 1880 4398 te.

40 4435 135 4510 xica
159 4437 391 4512 Graecorum
415 4448 588 4514 veterum
611 4437 741 4509 omnia
764 4437 927 4529 legerat,
954 4457 1074 4510 vnrnn
1088 4435 1339 4508 'Eustathium
1364 4439 1527 4533 acapite
1541 4434 1633 4508 inde
1647 4433 1698 4506 ad
1715 4433 1860 4508 calcem
2007 4499 2013 4510 .

41 4571 161 4648 voque
184 4564 244 4628 ter
264 4564 518 4641 treetauerat,
541 4553 684 4686 pluries
706 4549 929 4624 IIomerum.
987 4550 1214 4624 Primariam
1238 4571 1394 4648 operam
1417 4550 1660 4649 impenderat
1676 4549 1725 4622 de
1740 4549 1859 4621 Graes

39 4667 98 4742 eis
125 4669 424 4766 geographorum
447 4669 617 4752 omnium
642 4678 755 4762 atque
779 4671 1000 4764 po'etarum,
1030 4663 1202 4760 Platonis
1226 4685 1387 4742 necnon
1403 4665 1670 4765 Xenophontis
1686 4664 1860 4762 scriptis;

40 4780 94 4856 de
116 4784 266 4860 Latinis
286 4785 473 4874 Horatio,
501 4783 687 4878 Virgilio,
707 4781 878 4872 Tibullo,
911 4783 1128 4879 Propertio,
1161 4778 1342 4873 Caudio,
1372 4784 1540 4858 Senecam
1565 4778 1794 4881 philosopho
1819 4788 1861 4850 et

30 4898 206 4988 rhetori,
241 4902 391 4990 Persio,
423 4901 614 4989 quenali,
646 4895 905 4987 Quinctrliano
924 4920 995 4972 nec
1023 4919 1101 4972 non
1123 4894 1310 4972 Ciceroni.

45 5093 51 5104 ,
74 5017 318 5111 Linguae
332 5017 496 5094 Latinae
505 5029 554 5138 et
568 5019 753 5092 Graecae
761 5016 917 5104 intimos
937 5035 1109 5090 recessus
1133 5027 1354 5137 perspectos
1381 5013 1533 5108 habuit,
1571 5020 1747 5105 veraque
1758 4953 1860 5106 egre·
