4568 6076
1147 583 1248 600 .-..
1321 539 1527 616 ³⁸18...-

521 759 562 856 3)
587 761 739 837 Literae
765 760 994 849 hieraticae,
1030 779 1257 856 quamquam
1282 757 1495 834 arctissima
1523 779 1609 832 cum
1635 755 1835 835 dometicis
1868 760 2113 848 coniunctae,
2148 755 2282 840 dita

419 895 507 955 runt
529 882 577 954 ab
604 883 653 953 iis
675 880 881 974 elegantia,
905 878 1185 972 magnitudine,
1211 877 1386 952 vbertate
1411 889 1451 950 et
1475 878 1647 974 apicibus
1666 873 1731 973 ²⁰).

519 997 559 1091 1)
587 1000 702 1093 Signa
726 996 910 1070 hieratica
936 995 1092 1069 eosdem
1117 997 1301 1070 orationis
1327 995 1516 1071 humanae
1532 1018 1647 1072 sonos
1672 996 1898 1096 exprimunt
1920 1007 2034 1094 atque
2060 993 2274 1080 demotica

418 1139 482 1206 ea,
510 1138 606 1214 quae
632 1116 826 1190 hieraticis
850 1117 1021 1188 maxime
1047 1113 1190 1187 similia
1211 1125 1300 1187 sunt
1323 1115 1450 1209 figuris
1470 1110 1536 1207 21).

520 1236 557 1324 5)
585 1234 781 1330 Scriptura
803 1233 986 1307 hieratica
1000 1234 1145 1326 pariter
1160 1245 1273 1329 atque
1289 1232 1520 1308 demoticaa
1544 1232 1685 1306 dextra
1705 1225 1754 1306 ad
1771 1233 1965 1306 sinistram
1989 1223 2243 1325 exaratur22).

518 1351 558 1446 6)
588 1353 732 1446 Lingua
759 1353 909 1447 scriptis
945 1351 1139 1423 hieraticis
1173 1372 1361 1447 expressa
1383 1353 1425 1425 in
1454 1353 1676 1428 uniuersum
1707 1362 1768 1424 est
1789 1350 1963 1446 Coptica3
2003 1361 2093 1424 sont
2122 1363 2237 1426 tameo

417 1468 517 1543 harod
544 1494 666 1568 pauca
685 1470 890 1558 vocabula,
917 1491 1013 1566 quae
1039 1492 1117 1543 non
1143 1471 1236 1542 satis
1262 1471 1493 1544 conueniant
1517 1491 1601 1544 cum
1624 1468 1792 1566 Copticis
1817 1461 1881 1562 23).

518 1589 556 1682 7)
582 1590 734 1663 Literae
760 1587 940 1685 Copticae
975 1585 1154 1677 eaedem,
1184 1589 1266 1660 siue
1300 1590 1384 1663 soni
1406 1589 1564 1686 singuli,
1597 1589 1718 1664 variis
1747 1586 1870 1662 literis
1895 1586 2091 1662 hieraticis
2119 1591 2231 1684 expri-

414 1719 567 1780 muntur
590 1702 657 1801 24).
2272 1692 2273 1703 ’

516 1825 555 1918 8)
581 1823 758 1899 Ceterum
785 1822 972 1917 scriptura
996 1821 1180 1895 hieratica
1199 1823 1365 1919 plurima
1388 1821 1504 1897 habet
1529 1825 1744 1897 communia
1769 1845 1853 1897 cum
1887 1822 2096 1910 demotica‚
2129 1825 2228 1898 veluti

413 1945 607 2038 signorum
642 1944 809 2039 copiam,
842 1938 1030 2014 vocalium
1062 1942 1262 2015 elisionem
1289 1955 1328 2017 et
1353 1931 1659 2038 ambiguitatem,
1687 1942 1885 2018 literarum
1919 1944 2228 2040 compositionem,

414 2063 679 2157 partitionem,
705 2059 991 2154 ambiguitatem
1013 2049 1077 2150 25).

512 2179 600 2252 Hao
625 2191 713 2252 sunt
738 2180 841 2273 leges
868 2179 1077 2275 scripturae
1103 2189 1278 2252 veterum
1293 2175 1569 2276 Aegyptiorum
1590 2176 1820 2271 hieraticae,
1847 2201 1941 2280 quas
1964 2179 2155 2278 Spohnius
2175 2201 2225 2276 pro

412 2297 647 2371 auxiliorum
673 2318 827 2372 suorum
853 2294 1007 2371 modulo
1033 2295 1230 2393 explicare
1256 2295 1412 2372 studuit.

591 2518 623 2618 ξ.
650 2528 682 2596 5.
744 2520 812 2593 De
842 2519 1215 2620 hieroglyphice
1246 2522 1544 2622 scriptorum
1575 2520 2070 2625 lrs'eroglpphs'corum.

515 2688 554 2785 1)
581 2691 776 2786 Scriptura
790 2686 1064 2785 Aegyptiorum
1090 2688 1390 2785 hieroglyphica,
1412 2694 1569 2788 proprie
1595 2693 1651 2764 sic
1675 2690 1799 2784 dicta,
1825 2717 1872 2767 ea
1900 2705 1977 2782 est,
2003 2713 2100 2790 quac
2127 2689 2223 2764 cemi-
2266 2701 2267 2704 ’

412 2819 473 2880 tur
498 2807 588 2881 Tab.
611 2807 676 2881 XI.
712 2820 825 2904 atque
851 2806 1026 2880 omnibus
1049 2808 1092 2878 in
1117 2807 1270 2903 scriptis
1294 2807 1466 2881 eiusdenr
1492 2821 1663 2882 naturae.
2271 2915 2272 2918 Ἴ

512 2925 553 3020 2)
583 2927 698 3020 Signa
722 2925 786 2999 vel
812 2925 951 3019 figurae
975 2924 1282 3021 hieroglyphicae
1300 2947 1376 2998 non
1391 2927 1581 3021 singulae,
1607 2937 1652 3003 vt
1674 2929 1885 3002 communis
1901 2930 2032 3025 opinio
2056 2940 2156 3016 erat,
2174 2921 2224 2998 sed
2271 2987 2272 3028 3

411 3044 522 3141 plora
548 3045 660 3117 simul
684 3065 800 3118 vnam
826 3044 1020 3116 notionem
1047 3043 1112 3119 vel
1132 3041 1263 3116 ideam
1290 3045 1513 3140 exprimunt
1535 3039 1599 3139 26).

513 3165 553 3254 3)
568 3155 679 3236 'Baro
705 3160 858 3250 accidit,
884 3171 929 3236 vt
950 3182 1018 3257 pro
1044 3184 1123 3235 vno
1147 3162 1335 3238 vocabulo
1359 3185 1439 3238 vna
1463 3163 1582 3258 figura
1606 3160 1892 3262 hieroglyphice
1911 3165 2129 3262 reperiatur
2149 3158 2201 3257 27).

496 3425 552 3502 20)
575 3423 640 3481 vid.
661 3423 734 3482 Tab.
753 3421 809 3482 ΙΧ.
830 3435 861 3484 et
884 3425 926 3485 X.
953 3426 1110 3486 Praeterea
1130 3429 1204 3486 nihil
1225 3431 1261 3489 de
1283 3438 1387 3489 notura
1408 3430 1569 3505 scripturae
1589 3429 1748 3492 hieraticae
1768 3431 1914 3508 Spohnios
1936 3435 2062 3491 notauit.

496 3528 553 3606 21)
576 3529 658 3589 ilaec
678 3531 827 3589 literarum
858 3533 1068 3594 demetientem
1097 3553 1163 3595 cum
1190 3534 1339 3597 hieraticis
1366 3537 1491 3598 affinitas
1513 3540 1644 3599 cernitur
1674 3560 1700 3600 e.
1714 3560 1743 3622 g.
1771 3541 1801 3599 io
1824 3539 1900 3601 llo.
1923 3539 1992 3600 llos.
2015 3542 2079 3600 hin.
2101 3539 2123 3599 l.
2141 3544 2169 3598 8.
2185 3537 2226 3597 eol

413 3613 487 3672 Tab.
511 3612 566 3671 lx.
588 3611 644 3672 No.
666 3613 715 3672 lV.
737 3614 801 3674 hin.
820 3619 870 3676 10.
892 3620 994 3678 vltims
1015 3619 1109 3677 litera.

496 3717 553 3796 22)
576 3719 655 3778 Bene
675 3719 820 3796 Spohnins
842 3723 1010 3785 obseruauit
1031 3727 1131 3784 literas
1154 3729 1305 3788 titulorum
1326 3731 1454 3789 initiales
1475 3728 1548 3790 Tab.
1562 3729 1635 3805 lx,
1661 3751 1735 3810 quae
1755 3695 1853 3792 colore
1881 3732 1970 3790 rutilo
1991 3731 2147 3791 distinctae
2166 3741 2227 3790 suet
2272 3700 2273 3705 ἵ

496 3825 553 3905 23)
577 3826 723 3886 Vocabulo
746 3828 887 3890 hieratica
908 3834 993 3907 plane
1015 3830 1135 3910 Coptica
1157 3848 1226 3896 anot
1246 3857 1271 3896 e.
1286 3857 1314 3916 g.
1337 3857 1402 3897 aeos
1420 3857 1497 3912 aum,
1519 3837 1605 3915 Spec.
1621 3839 1688 3901 XV.
1710 3839 1744 3901 P.
1760 3838 1782 3899 l.
1803 3841 1836 3901 1..
1851 3839 1913 3900 vlt.
1928 3843 1957 3899 7.
1978 3839 2080 3900 scheri
2091 3841 2181 3914 filius,
2199 3836 2228 3896 ih.

413 3911 446 3971 P.
460 3911 497 3971 ll.
514 3910 564 3969 ill.
581 3915 628 3985 4.,
650 3910 726 3970 haud
747 3915 818 3973 setis
839 3913 958 3991 Coptica
979 3937 1006 3978 e.
1021 3937 1051 3998 g.
1074 3939 1134 3977 nuo
1157 3937 1210 3994 pro
1232 3925 1299 3980 auti
1319 3921 1407 3996 deos,
1425 3922 1464 3981 ib.
1485 3923 1517 3981 P.
1532 3923 1554 3982 l.
1581 3923 1614 3984 b.
1632 3923 1665 3983 V.
1680 3928 1711 3982 4.

495 4020 551 4099 24)
573 4017 624 4077 Sic
646 4015 792 4095 Spohuios
815 4043 840 4082 e.
856 4044 886 4104 g.
907 4046 941 4100 e,
965 4025 1035 4098 ach,
1055 4025 1140 4102 Spec.
1152 4027 1221 4087 XV.
1243 4026 1277 4086 P.
1295 4027 1317 4088 l.
1339 4028 1404 4089 bin.
1419 4033 1445 4088 1.
1461 4031 1492 4090 2.
1515 4032 1568 4088 rel.

498 4125 554 4205 25)
576 4125 664 4183 Varia
685 4128 769 4206 signa
793 4131 824 4188 in
845 4133 938 4191 titolis
960 4130 1032 4192 Tab.
1050 4132 1105 4193 ΙΧ.
1123 4134 1179 4193 No.
1196 4134 1244 4194 lV.
1259 4134 1293 4194 V.
1311 4135 1373 4197 Vll.
1405 4139 1560 4212 corrspieoa
1581 4140 1679 4198 cernis
1706 4139 1742 4198 ad
1764 4141 1830 4198 illos
1851 4159 1939 4199 sonos
1959 4137 2001 4198 25
2032 4158 2120 4216 sopra
2150 4140 2229 4198 dictos

414 4219 475 4268 not.
493 4213 522 4267 o.
542 4228 680 4267 reuocare
701 4213 823 4271 studuit.
865 4215 1005 4292 Exempla
1026 4220 1169 4276 vocalium
1191 4221 1361 4278 emissarum
1383 4232 1450 4279 sunt
1470 4242 1518 4280 nm
1538 4240 1590 4298 pro
1611 4242 1676 4280 aem
1699 4243 1780 4294 com,
1802 4224 1883 4283 ebroe
1904 4243 1954 4298 pro
1972 4224 2067 4282 chesas'
2087 4231 2229 4304 Aegyptus·

414 4291 526 4350 Literna
555 4292 709 4352 hieraticas
738 4298 810 4355 olias
830 4299 893 4356 eliis
921 4302 1110 4374 supersedere
1139 4305 1325 4381 cognoscitur
1350 4324 1379 4364 v.
1401 4326 1426 4363 c.
1459 4323 1496 4363 ex
1516 4307 1610 4364 literis
1636 4307 1664 4365 ti
1681 4305 1765 4381 Spec.
1783 4305 1850 4364 ΧΥ.
1872 4307 1904 4364 P.
1922 4305 1944 4366 l.
1968 4307 1998 4364 l..
2016 4307 2100 4380 V.o',
2126 4328 2179 4386 quc
2200 4323 2229 4364 ex

412 4379 477 4434 loco
500 4379 585 4434 etiam
606 4388 742 4450 apparet,
765 4380 821 4438 duo
842 4383 926 4461 signa
950 4402 1038 4441 vnum
1060 4403 1162 4443 sonum
1185 4387 1361 4466 significare.
1404 4391 1499 4462 Atque
1523 4390 1623 4447 eadem
1652 4390 1737 4448 litera
1758 4389 1829 4448 duos
1852 4409 1938 4448 sonos
1968 4391 2101 4450 diuersos
2122 4391 2228 4467 exprimi
2271 4393 2272 4404 ¹

413 4478 513 4535 posse,
534 4457 678 4534 Spohnius
699 4460 805 4521 ibidem
827 4463 891 4542 (Sp.
905 4466 971 4525 XV.
991 4467 1023 4524 P.
1038 4466 1060 4526 l.
1082 4467 1115 4527 L.
1137 4467 1214 4528 Vlll.
1232 4473 1278 4543 3.)
1301 4473 1448 4532 inuenisse
1467 4471 1601 4548 videtur,
1623 4492 1689 4532 cum
1708 4477 1822 4532 literam
1846 4475 1858 4532 l
1878 4477 1964 4532 etiem
1987 4496 2005 4532 r
2027 4479 2228 4550 pronunciaret,

413 4546 467 4602 col.
489 4547 595 4620 mmpri
617 4561 680 4601 cum
702 4546 812 4607 masiel!
832 4561 862 4607 et
883 4549 1000 4623 mahlo,
1023 4562 1082 4610 not.
1099 4555 1125 4610 l.
1147 4571 1213 4633 pag.
1231 4555 1282 4612 51.
2075 4567 2077 4572 ’

495 4652 551 4729 26)
572 4649 654 4709 Haec
675 4653 724 4708 lex
747 4672 781 4710 eo
804 4657 1006 4732 cognoscitur,
1035 4660 1112 4734 qood
1133 4657 1278 4736 Spohnius
1298 4664 1394 4722 varios
1415 4663 1564 4742 signorum
1591 4666 1758 4738 complexus
1780 4666 1865 4723 lincis
1887 4667 2022 4737 inclusit,
2051 4665 2154 4740 quibas
2173 4681 2226 4741 par·

413 4737 465 4836 tim
485 4735 626 4877 vrppobolsso
645 4737 885 4812 interpretanda,
906 4742 1012 4814 partim
1033 4762 1169 4803 numeros
1190 4747 1361 4823 adscripsit,
1390 4747 1560 4808 eversibos
1587 4749 1738 4809 demoticis
1759 4752 1876 4825 petitos.
1910 4749 1973 4809 vid.
1996 4748 2071 4808 Tab.
2095 4749 2151 4810 Xl.
2177 4765 2224 4806 ιιι-

412 4838 490 4878 xime
536 4838 576 4878 ro.
622 4861 630 4877 .

497 4922 553 5006 27)
575 4925 669 4985 Ηιιίιιι
692 4929 809 5007 generis
831 4928 1048 5010 hieroglyphice
1063 4936 1208 5009 solitaria,
1231 4954 1305 5014 quae
1326 4937 1470 5014 Spohoios
1492 4955 1543 5014 pro
1565 4939 1704 5016 symbolis
1725 4940 1859 5000 habuisse
1881 4941 2017 5014 videtur,
2035 4941 2148 4998 inuenit
2165 4934 2220 4996 Tal-

414 5009 469 5070 xl.
491 5009 555 5070 Lin.
570 5013 599 5070 8.
619 5014 775 5092 templum,
797 5012 862 5075 bio.
880 5018 929 5076 ll.
954 5016 1128 5094 sacrficia,
1148 5019 1212 5080 bin.
1230 5023 1278 5080 14.
1299 5023 1384 5082 deam
1402 5023 1616 5104 significantia,
1637 5026 1704 5084 alia.
2038 5037 2040 5044 '
